2888 4994
272 436 318 518 42
705 436 743 502 Τ.
774 437 915 504 Ltvu
1194 412 1313 527 tter:

317 559 397 626 XX.
418 551 603 626 Frendens
624 577 847 653 gemensque
870 581 913 628 ac
936 557 997 626 vix
1016 554 1184 653 lacrymis
1202 570 1337 654 tempe·
1420 563 1421 566 ’

267 690 352 735 rans
371 663 504 735 dicitur
516 663 719 760 legatorum
734 665 845 738 verba
860 665 1014 738 audisse.
1032 669 1229 761 Postquam
1247 667 1337 738 edita
1420 673 1421 678 ’

270 788 357 844 sunt
372 773 561 863 mandata,
573 779 679 846 «Iam
697 801 772 846 non
785 777 978 874 perplexe,
990 776 1128 872 inquit,
1146 775 1209 846 sed
1223 777 1336 873 palam

270 898 491 973 «revocant,
507 885 591 982 qui,
603 885 762 956 vetando
783 888 1081 985 supplementum
1097 900 1134 958 et
1149 889 1336 988 pecuniam

270 1024 287 1060 α
302 995 418 1081 mitti,
430 994 505 1090 jam
522 995 665 1092 pridem
678 996 922 1068 retrahebant.
938 995 1034 1068 Vicit
1052 1020 1139 1095 ergo
1157 997 1337 1069 Hanniba·

270 1134 287 1170 «
300 1105 372 1178 lem
386 1130 464 1176 non
483 1107 642 1204 populus
660 1131 833 1179 romanus
851 1110 958 1180 toties
978 1095 1090 1180 caesus
1104 1105 1338 1205 fugatusque,

269 1245 286 1281 «
300 1215 365 1288 sed
383 1231 529 1290 senatus
551 1217 846 1315 carthaginiensis
866 1217 1132 1290 obtrectatione
1156 1233 1266 1316 atque
1284 1220 1338 1288 in·

268 1325 407 1398 «vidia.
421 1331 550 1426 Neque
565 1327 635 1400 hac
652 1325 882 1402 deformitate
901 1329 1039 1402 reditus
1053 1330 1127 1399 mei
1137 1343 1211 1400 tam
1226 1334 1263 1400 P.
1274 1330 1340 1400 Sci-

268 1465 286 1501 «
299 1437 363 1535 pio
377 1438 573 1510 exsultabit
591 1452 701 1536 atque
716 1439 845 1511 efferet
863 1463 958 1527 sese,
978 1464 1088 1538 quam
1107 1445 1260 1527 Hanno,
1278 1439 1340 1536 qui

254 1577 286 1617 .«
300 1547 453 1619 domum
475 1563 657 1639 rosum,
677 1549 826 1646 quando
844 1550 913 1620 alia
930 1575 969 1621 re
988 1575 1065 1620 non
1084 1551 1220 1646 potuit,
1235 1550 1340 1620 ruina

268 1657 528 1757 «Carthaginis
546 1663 765 1758 oppressit».
787 1665 867 1730 Iam
887 1660 959 1732 hoc
985 1661 1106 1758 ipsum
1128 1661 1340 1756 presagiens
1421 1743 1422 1756 χ

253 1769 391 1868 'animo
412 1784 677 1868 praeparaverat
695 1785 780 1842 ante
797 1794 930 1842 naves:
951 1771 1096 1867 itaque,
1116 1769 1236 1839 inutili
1254 1768 1341 1868 mili·
1421 1799 1422 1832 r

221 1891 226 1898 ’
268 1895 348 1950 tum
363 1879 474 1952 turba
489 1880 648 1977 praesidii
666 1882 787 1978 specie
800 1883 839 1950 in
855 1879 991 1978 oppida
1003 1879 1133 1950 bruttii
1147 1879 1242 1975 agri,
1262 1903 1340 1974 quae

267 2013 384 2088 pauca
412 1992 526 2087 magis
552 2003 671 2079 metu,
688 2014 801 2089 quam
823 1989 917 2080 fide,
937 1989 1261 2076 continebantur1,
1287 1988 1341 2058 di·
1421 1987 1422 2042 ἒ

263 2101 392 2190 missa,
421 2100 525 2197 quod
554 2100 702 2174 roboris
735 2102 772 2172 in
807 2102 968 2174 exercitu
1001 2115 1098 2188 erat,
1121 2099 1159 2168 in
1185 2096 1342 2170 Africam
1421 2173 1422 2182 χ

264 2212 483 2298 transvexit3
498 2211 623 2282 multis
641 2212 751 2282 italici
773 2213 914 2309 generis
928 2211 1038 2308 (quia
1052 2212 1091 2280 in
1108 2207 1267 2280 Africam
1286 2232 1341 2279 se·

267 2335 450 2418 quuturos
469 2319 673 2392 abnuentes
696 2335 948 2393 concesserant
967 2321 1006 2391 in
1020 2325 1039 2390 J
1043 2320 1174 2390 unonis
1187 2319 1341 2392 Laciniae

265 2429 478 2519 delubrum,
498 2432 712 2504 inviolatum
739 2432 786 2504 ad
810 2456 889 2504 eam
913 2429 1030 2526 diem)
1047 2429 1241 2527 intemplo
1261 2430 1341 2526 ipso

263 2540 362 2613 foede
378 2541 587 2614 interfectis.
606 2549 702 2614 Raro
718 2565 942 2640 quemquam
962 2542 1092 2628 alium,
1110 2541 1264 2639 patriam
1281 2565 1342 2609 ex·

263 2650 334 2720 silii
344 2677 452 2724 causa
460 2653 730 2750 relinquentem
740 2707 750 2742 ,
760 2653 873 2750 magis
889 2668 1063 2725 moestum
1078 2649 1195 2727 abisse
1207 2648 1342 2734 ferunt,
1422 2653 1423 2714 Τ

265 2785 376 2859 quam
405 2763 649 2836 Hannibalem
677 2763 840 2834 hostium
864 2777 961 2833 terra
986 2760 1253 2832 excedentem:
1284 2783 1344 2828 re·
1422 2833 1423 2856 ,

262 2873 423 2970 spexisse
443 2898 538 2971 saepe
557 2873 665 2943 Italiae
687 2872 829 2960 litora²,
853 2886 891 2942 et
910 2871 998 2942 deos
1017 2871 1260 2964 hominesque
1287 2891 1343 2937 ac·
1422 2899 1423 2940 3

263 2998 470 3072 cusantem,
490 2985 528 3053 iu
552 3005 591 3054 se
612 3008 763 3080 quoque
788 3008 829 3053 ac
850 3007 958 3054 suum
974 2983 1087 3080 ipsius
1108 2994 1219 3077 caput
1244 3003 1344 3050 exse·

263 3108 421 3181 eratum,
446 3092 551 3191 quod
574 3116 648 3162 non
677 3110 864 3164 cruentum
898 3092 947 3162 ab
983 3097 1160 3162 cannensi
1187 3095 1345 3160 victoria

262 3201 411 3274 militem
429 3209 586 3274 Romam
604 3203 778 3308 duxisset.
794 3207 998 3301 Scipionem
1018 3209 1069 3273 ire
1083 3201 1139 3272 od
1152 3201 1344 3296 Carthagi·
1422 3289 1423 3294 ἵ

261 3337 345 3386 nem
364 3339 512 3401 ausum,
533 3320 600 3412 qm'
613 3315 743 3385 consul
754 3315 894 3397 hostem
912 3321 949 3383 in
967 3312 1078 3384 Italia
1092 3317 1251 3382 Poenum
1268 3334 1344 3380 non

260 3570 311 3618 quo
326 3556 379 3603 vid.
397 3557 498 3615 XXVI,
519 3565 567 3618 493
584 3559 713 3616 XXXIII,
731 3573 775 3616 ro;
823 3558 1071 3610 daurootcademe
1080 3558 1122 3607 des
1131 3556 1264 3612 Romaim,
1275 3571 1300 3604 c.
1315 3555 1343 3604 5:

260 3636 390 3694 XXXVI,
403 3636 445 3682 ³8.
822 3658 835 3678 ιι
846 3639 892 3684 Les
905 3637 989 3686 succes
1002 3637 1033 3686 de
1043 3637 1145 3702 ScipIou
1154 3635 1297 3699 obligdrent
1308 3635 1345 3682 les

295 3713 357 3762 Car.
376 3715 435 3762 XX.
453 3729 475 3762 1.
491 3714 573 3780 Magis
587 3725 652 3762 metu
669 3713 777 3772 contine·
822 3715 992 3780 Carthaginem
1006 3714 1142 3781 arappeler
1153 3714 1249 3764 d'Italie
1261 3713 1345 3762 Anni-

262 3792 371 3849 bantur;
385 3792 442 3840 vide
451 3793 483 3840 ad
494 3795 584 3852 XXII,
594 3809 676 3853 πω.
689 3809 714 3855 9.
821 3794 875 3854 bal,
885 3796 929 3858 qui
940 3795 1026 3859 pleura
1037 3795 1068 3844 de
1080 3794 1194 3853 douleur,
1207 3809 1239 3840 eu
1252 3792 1346 3840 cedant

297 3887 322 3920 a.
345 3870 487 3934 Respexisse
505 3887 569 3935 saepe
586 3871 670 3920 Italica
686 3871 774 3933 litora,
822 3875 998 3922 auxIIomains
1007 3886 1071 3924 cette
1080 3885 1155 3931 terre,
1165 3870 1270 3920 obilles
1278 3871 1346 3922 avait

257 3965 327 3998 more
347 3965 447 4008 comm,
461 3951 504 4013 qui
522 3950 595 3998 inviti
606 3950 690 3998 locum
703 3952 777 4000 relin-
824 3954 976 4003 tautdefob
987 3955 1089 4004 vaincus
1100 3950 1300 4005 utin—Mox
1318 3951 1360 4002 τὸ.

260 4039 348 4093 quunt.
362 4028 435 4078 Conf.
449 4029 481 4076 ad
494 4028 537 4077 Sil.
543 4032 618 4087 VIII,
637 4031 699 4089 108;
713 4033 776 4089 XII,
824 4045 916 4081 etanta
928 4033 987 4082 deos
1001 4032 1201 4090 caucellaudum;
1216 4031 1299 4078 Gron.
1309 4056 1346 4066 --

260 4109 321 4168 594.
334 4134 368 4144 -
378 4109 413 4156 Ea
423 4124 522 4171 quoque
536 4109 561 4156 in
573 4107 670 4156 laudem
686 4111 778 4160 Hanni-
822 4116 852 4158 In
863 4128 889 4158 se
899 4129 1010 4160 acutam
1020 4120 1278 4176 capraecasecratum3
1288 4109 1346 4156 vide

259 4186 321 4235 balla·
331 4187 685 4250 citatNostraallloutesqm'cu,
697 4190 777 4236 Gran·
822 4192 853 4239 ad
863 4193 887 4248 1,
902 4191 946 4250 51,
959 4208 985 4238 n.
997 4207 1019 4238 1.
1037 4229 1045 4243 .
