2888 4994
245 428 291 510 n
673 433 711 498 τ.
743 425 876 508 mvn
1162 414 1288 530 ῧῑὲῑὲἷξῑ

233 545 379 637 fnt'sse!
396 552 536 644 quoties
561 555 599 620 in
627 550 786 624 concilias
812 577 921 625 voces
951 579 1082 624 monus
1110 554 1164 624 od
1183 556 1314 628 ceolum

235 645 503 755 porrigentium
520 660 666 732 auditos
684 667 772 734 :En
791 689 955 760 unquam
974 660 1057 734 tlte³
1077 665 1154 735 dies
1159 667 1315 756 sumtus

245 784 351 856 esset,
375 794 449 866 qno
471 795 630 841 vacuom
655 773 817 844 hostibus
837 772 985 846 Italiam
1010 774 1108 844 bono
1128 799 1228 872 poce
1237 779 1315 873 flo-

245 895 382 950 rentem
402 885 520 950 visuri
536 879 675 952 essent!
692 884 846 954 Dedisse
866 885 1015 955 tandem
1035 885 1077 954 id
1088 885 1175 956 deos
1190 902 1314 974 sento-

245 989 385 1062 decimo
394 991 542 1060 demnm
555 1016 668 1079 anno;
681 1017 747 1064 nec
760 1018 849 1081 esse,
864 999 930 1090 qni
941 995 1011 1064 diis
1018 1009 1139 1089 grotes
1153 995 1316 1089 agendos

246 1118 424 1172 censeant.
444 1103 551 1172 Adeo
571 1127 618 1174 ne
640 1104 889 1188 advenientem
908 1103 1058 1200 quidem
1074 1109 1234 1198 gratiam
1251 1103 1317 1174 lto-

246 1217 361 1282 mt'nes
376 1211 529 1308 benigne
541 1203 721 1311 occipere,
732 1215 868 1286 nedum
882 1219 1131 1311 utpraeten'toe
1141 1219 1230 1286 satis
1244 1239 1317 1284 me·

143 1315 146 1320 ’
246 1347 363 1393 mores
376 1328 458 1393 sint.
474 1324 748 1396 Conclamatnm
768 1324 900 1396 deinde
918 1350 962 1396 ex
974 1326 1075 1395 omni
1092 1338 1194 1421 parte
1209 1324 1318 1395 curiae

246 1448 319 1520 est,
341 1435 396 1505 uti
413 1431 566 1506 referret
583 1433 775 1506 P.'AElius4
795 1449 947 1532 praetor;
968 1433 1250 1530 decretumque,
1274 1447 1318 1504 ut

246 1545 410 1641 quinque
439 1545 516 1616 dics
543 1547 636 1616 circa
659 1548 782 1617 omnia
806 1548 1008 1644 pulvinaria
1030 1547 1316 1644 supplicaretur,

246 1657 469 1751 victimaeque
477 1656 633 1751 majores
645 1657 921 1728 immolarentur
930 1671 1077 1728 centum
1087 1657 1226 1751 viginti.
1238 1659 1317 1724 Jam

247 1764 394 1837 dimisso
410 1765 520 1837 Laetio
536 1766 736 1864 legatisque
756 1768 967 1854 Masinissae,
988 1791 1103 1863 quum
1127 1765 1318 1862 Carthagi·
1379 1815 1390 1838 x

247 1876 430 1946 niensium
446 1875 581 1972 legatos
604 1877 650 1948 de
669 1901 758 1975 pace
777 1877 823 1947 ad
844 1892 1010 1948 senatum
1037 1877 1225 1948 venientes
1245 1880 1318 1946 Pu-

248 1984 352 2056 teolis
372 1986 488 2074 visos,
506 1986 591 2057 inde
609 2001 705 2056 terra
723 2002 896 2058 venturos
916 1986 1063 2059 allatuin
1083 2000 1194 2074 esset3
1212 2011 1318 2057 revo-

248 2097 322 2167 cari
331 2100 368 2167 C.
382 2095 531 2166 Laelium
542 2096 693 2192 placuit,
712 2111 752 2168 ut
771 2120 894 2174 coram
912 2121 956 2167 eo
973 2095 1019 2166 de
1033 2119 1123 2192 pace
1137 2109 1317 2193 ageretur.

248 2210 293 2298 Q.
311 2206 457 2278 Fulvius
484 2207 602 2302 Gillo,
618 2207 756 2304 legatus
776 2207 972 2304 Scipionis,
1002 2205 1319 2303 Carthaginienses

248 2324 402 2388 Romam
424 2316 594 2406 adduxit3
615 2317 765 2418 quibus,
779 2318 899 2388 vetitis
921 2315 1063 2413 ingredi
1080 2314 1235 2397 Urbem,
1249 2313 1317 2384 ho-

249 2429 398 2525 spitium
415 2433 454 2498 in
480 2427 564 2499 villa
588 2428 736 2525 publica
744 2425 772 2516 ⁵,
797 2441 942 2498 senatus
963 2425 1009 2496 ad
1031 2425 1145 2496 aedem
1164 2423 1319 2494 Bellonae

249 2540 355 2612 datus
366 2555 437 2612 est.
1136 2593 1139 2602 ,

296 2655 407 2722 XXII.
430 2651 643 2722 Orationem
662 2648 827 2720 eamdem
844 2645 979 2733 fenne,
997 2669 1110 2743 quam
1133 2643 1231 2743 apud
1245 2645 1323 2714 Sci·

249 2762 418 2858 pionem,
438 2760 668 2859 habuerunt3
687 2760 832 2857 culpam
855 2756 1001 2830 omnem
1021 2756 1110 2828 belli
1130 2781 1150 2828 a
1171 2755 1322 2853 publico

249 2873 401 2944 consilio
413 2874 449 2946 in
464 2872 703 2946 Hannibalem
713 2875 1013 2942 vertentesEnm
1023 2872 1163 2964 injusso
1174 2884 1322 2939 senatus

137 2988 142 2994 ’
194 3036 199 3049 .
250 3009 325 3054 non
339 2983 452 3082 Alpes
466 2984 593 3071 modo,
609 2982 678 3054 sed
692 2983 840 3052 Iberum
855 3005 1018 3080 quoque,
1041 2995 1322 3075 transgressam:

251 3119 316 3166 nec
328 3099 504 3166 Romanis
520 3090 656 3180 solnm,
679 3094 747 3164 sed
764 3091 854 3163 onte
869 3098 981 3165 etiam
999 3095 1225 3186 Saguntinis,
1239 3094 1324 3187 pri-

249 3341 305 3375 rum
322 3323 353 3374 de
370 3343 396 3374 re
410 3325 533 3390 praeterita
546 3323 699 3372 morantium
711 3337 765 3371 ora·
809 3321 905 3370 vinaria
915 3320 1096 3384 supplicarem
1100 3337 1112 3377 ,-
1122 3317 1181 3366 vide
1190 3319 1222 3367 nl
1231 3321 1265 3379 V,
1281 3320 1324 3377 13,

250 3407 315 3456 tioni
327 3407 460 3454 convenire
470 3404 602 3452 videntur:
615 3419 642 3450 se
653 3403 716 3452 bene
725 3403 766 3452 ad·
809 3416 835 3447 n.
846 3402 871 3448 5.
886 3427 921 3438 -
938 3403 996 3447 Iam
1007 3399 1106 3448 dimisso
1115 3399 1205 3456 Laelio,
1215 3410 1267 3446 eto.
1274 3399 1327 3446 Ob-

251 3487 300 3534 huc
325 3486 416 3534 habere
437 3486 465 3531 in
490 3483 623 3541 memoria,
646 3494 765 3547 quantum
809 3475 890 3529 servat
898 3479 1029 3531 Cretonius
1041 3497 1095 3544 sup.
1105 3495 1267 3549 compasse
1275 3497 1326 3528 me·

253 3565 363 3614 terroris,
371 3599 377 3612 .
384 3596 390 3610 .
397 3563 516 3620 incidisse,
522 3563 571 3610 hoc
580 3571 629 3620 est,
637 3563 760 3622 inciderin
809 3571 940 3618 moratam,
947 3561 1029 3610 Patre·
1038 3559 1161 3608 censuisse
1169 3560 1327 3608 retinendum

252 3663 307 3711 quae
320 3647 397 3694 forma
414 3642 533 3690 orationis
549 3641 658 3704 obliqua
676 3644 765 3708 saepins
809 3640 926 3698 Laelium,
939 3639 1019 3687 donec
1035 3639 1110 3703 legati
1125 3638 1240 3703 Carthag.
1256 3639 1328 3686 veni-

252 3725 319 3790 apud
332 3725 451 3773 Nostrum
464 3721 537 3768 obvia
549 3731 602 3780 ειη
618 3723 694 3771 Doer.
810 3730 873 3768 rent,
881 3719 929 3768 Sed
939 3715 1204 3778 fortasce‚}1nnnibale
1212 3719 1327 3782 profecto
1396 3704 1402 3712 ⁸
1433 3775 1438 3787 ι

290 3807 314 3854 3.
331 3805 370 3850 En
390 3817 500 3865 unquam
518 3799 573 3857 itte,
593 3811 642 3850 etc.
660 3801 766 3850 vidend
810 3815 842 3846 ex
855 3797 925 3846 Italia
938 3797 1021 3845 nullos
1033 3799 1084 3858 jam
1100 3797 1256 3846 crediderant
1268 3813 1328 3846 vcn-

141 3927 146 3936 ,
253 3885 299 3944 IV,
320 3885 349 3940 3,
369 3898 395 3931 n.
410 3881 434 3929 6.
457 3907 493 3916 -
515 3879 688 3928 Advenientem
706 3897 766 3948 gra·
810 3874 1328 3940 turosaCarthaginiensibuslegatos.En.

253 3963 329 4018 tiam,
341 3960 460 4017 recentia,
473 3959 602 4023 praesentia
614 3960 716 4008 deornm
726 3959 766 4009 be·
807 3967 809 3976 '
847 3959 871 4006 5.
885 3957 1024 4022 Hospitium
1034 3957 1059 4004 in
1068 3957 1132 4024 villo
1140 3955 1258 4020 pttblicas
1271 3955 1329 4004 vide

252 4040 347 4090 neficia.
811 4039 842 4086 ad
854 4039 897 4096 IV,
909 4023 958 4096 aa,
971 4055 996 4085 n.
1007 4037 1033 4085 5.
1046 4038 1193 4084 -Senotus
1204 4037 1329 4084 adcedam

191 4139 195 4147 ,
291 4128 314 4175 t,
335 4117 377 4164 Uti
389 4115 490 4184 rqirret
502 4121 529 4164 P.
542 4119 621 4168 AElius
628 4139 638 4176 ,·
659 4119 716 4167 vide
735 4120 766 4166 ad
812 4119 919 4166 Bellonae
931 4116 1021 4174 dotus,·
1035 4115 1093 4164 vide
1105 4131 1177 4180 snpra
1192 4115 1224 4163 ad
1237 4117 1329 4163 librum

252 4199 355 4257 XXVI,
367 4213 397 4256 a,
410 4215 435 4247 n.
447 4199 470 4247 3.
483 4197 602 4246 -Circa
615 4199 699 4248 omnia
709 4197 766 4263 put-
811 4199 913 4254 XXVI,
923 4211 967 4256 «ιι,
982 4213 1006 4243 n.
1018 4212 1040 4242 1.
