2888 4994
139 421 258 534 ,⁸1:822ss
330 443 421 509 me.
449 439 569 510 xxx.
598 439 705 508 car.
729 439 813 508 vu.
837 439 943 508 unt.
1130 438 1171 510 15

58 605 66 624 ι
115 565 240 651 tentia,
256 564 340 659 quia
352 559 554 632 Hasdrubal
569 582 725 656 praesens
737 558 969 654 Barcinaeque
983 579 1110 630 omnes
1121 557 1171 629 Ia-

114 668 259 744 ctionis⁵
269 671 408 742 bellum
422 667 623 758 malebant,
634 669 729 738 vicit.
745 666 836 738 Inde
851 667 1013 740 delectus
1029 669 1068 738 in
1081 667 1172 741 urbe

114 783 273 878 agrisque
291 779 417 852 haberi
432 795 593 877 coeptus,
608 777 704 850 etad
723 776 923 874 Syphacem
937 778 1044 875 legati
1058 780 1171 865 missi,

114 914 247 962 summa
263 915 334 988 ope
348 905 385 960 et
397 892 517 987 ipsum
535 903 763 987 reparantem
782 887 935 977 bellurn,
950 914 1065 985 quum
1079 915 1174 962 uxor

114 1029 183 1072 non
202 1002 295 1096 jam,
314 1014 355 1070 ut
372 1014 473 1086 ante,
488 998 686 1087 blanditiis,
708 998 791 1070 satis
807 998 1019 1095 potentibus
1040 998 1085 1070 ad
1100 1002 1173 1070 ani·

113 1135 209 1182 mum
223 1111 395 1198 amantis,
410 1109 472 1182 sed
485 1108 654 1206 precibus
673 1123 709 1178 et
727 1107 971 1178 misericordia
986 1109 1172 1195 valuisset,

113 1221 215 1318 plena
236 1220 474 1314 lacrymarum
503 1217 708 1305 obtestans,
728 1242 774 1288 ne
801 1231 941 1315 patrem
971 1240 1077 1290 suurn
1110 1243 1172 1317 pa·

113 1331 286 1424 triamque
306 1327 496 1424 proderet,
513 1325 713 1423 iisdemque
731 1325 1171 1427 flammis'Carthaginem,

112 1435 242 1534 quibus
261 1451 375 1507 castra
402 1435 703 1532 conflagrassent,
727 1436 869 1508 absumi
890 1439 1033 1509 sineret.
1063 1442 1172 1533 Spem

103 1533 257 1643 ¹quoque
269 1559 478 1643 opportune
492 1537 650 1615 oblatam
661 1543 861 1616 afferebant
875 1547 1000 1644 legati,
1013 1561 1173 1644 quatuor

11 1649 12 1656 ἵ
111 1658 218 1727 millia
231 1654 496 1727 Celtiberorum
515 1656 609 1727 circa
626 1653 755 1726 urbem
775 1658 924 1728 nomine
934 1654 1109 1745 Abbam⁶,
1126 1657 1171 1729 ab
1237 1725 1240 1736 ,

11 1829 12 1832 ,
111 1765 416 1864 conquisitoribus
428 1767 501 1836 suis
516 1764 696 1836 conducta
710 1766 749 1834 in
761 1766 945 1863 Hispania,
961 1769 1111 1864 egregiae
1119 1769 1173 1862 ju·

11 1913 13 1980 ζ
111 1877 285 1964 ventutis,
302 1874 372 1946 sibi
389 1875 602 1965 occurrisse,
617 1889 653 1948 et
665 1873 927 1946 Hasdrubalem
937 1901 1058 1973 'prope
1076 1876 1173 1948 diem

11 1991 13 2010 ⁸
110 1985 222 2058 affore
239 2011 322 2058 cum
339 2011 449 2056 manu
467 1985 749 2083 haudquaquam
764 1983 1041 2055 contemnenda.
1058 1988 1174 2084 Igitur

11 2085 12 2108 ¹
108 2123 181 2166 non
213 2096 372 2194 benigne
401 2097 522 2199 modo¹
543 2097 668 2192 legatis
692 2095 900 2192 respondit,
920 2095 984 2166 sed
1013 2093 1173 2167 ostendit
1250 2088 1252 2092 ¹

11 2198 12 2280 ἕ
110 2209 217 2277 etiarn
243 2204 513 2276 multitudinem
539 2206 732 2302 agrestium
756 2201 1012 2291 Numidarum,
1038 2202 1173 2300 quibus

110 2343 175 2414 per
194 2317 341 2387 eosdem
360 2315 436 2386 dies
455 2339 553 2386 arma
571 2339 759 2411 equosque
776 2312 953 2400 dedisset,
975 2326 1012 2383 et
1025 2338 1172 2386 omnem

106 2427 338 2520 juventutem
347 2423 507 2495 affirmat
526 2426 727 2495 exciturum
746 2448 789 2494 ex
807 2447 930 2519 reguo.
941 2426 1038 2492 Scire
1056 2429 1173 2496 r'neen·

108 2536 186 2621 dr'o,
200 2533 428 2631 noaprcelz'O,
446 2533 586 2604 cladem
600 2548 786 2630 acceptam
800 2557 810 2600 .·
827 2556 912 2602 eum
926 2531 1018 2602 bello
1032 2536 1173 2624 iafhrr‘o

107 2671 185 2715 rem
202 2669 294 2730 esse,
305 2650 371 2741 qui
378 2650 490 2740 armis
502 2649 681 2714 aa'ncatur.
698 2648 780 2712 Haec
796 2641 920 2736 legatis
930 2665 1118 2738 responsa:
1136 2659 1173 2715 et

11 2743 12 2784 ss
108 2771 191 2853 post
210 2754 286 2826 dies
306 2779 442 2852 paucos
463 2741 588 2823 rirrsus
608 2749 808 2822 Hasdrubal
833 2764 870 2822 et
890 2750 1034 2848 Syphax
1053 2754 1173 2850 copias

11 2901 12 2916 ¹
105 2869 321 2961 junxerunt.
339 2870 374 2937 Is
390 2865 509 2934 omnis
523 2864 700 2936 exercitus
720 2860 788 2933 fuit
807 2862 952 2958 triginta
965 2859 1078 2933 ferme
1091 2860 1171 2932 mil·

11 3055 12 3060 ,
108 2976 199 3046 lium
218 2989 450 3046 armatorum.

157 3091 255 3156 VIII.
276 3085 499 3181 Scipionem,
516 3083 614 3153 velut
626 3084 700 3178 jam
718 3081 918 3169 debellato,
933 3081 1032 3178 quod
1052 3081 1096 3152 ad
1112 3087 1174 3178 Sy·
1203 3119 1211 3126 ·

11 3223 12 3228 ¹
106 3196 261 3290 phacem
287 3193 674 3288 Carthaginiensesque
701 3195 890 3279 attineret,
918 3193 1028 3262 Uticae
1054 3217 1173 3289 appu-

106 3305 263 3399 gnandae
300 3305 502 3390 intentum,
533 3302 681 3399 jamque
712 3301 893 3372 machinas
921 3301 1173 3374 admoventem

105 3415 224 3484 muris
233 3469 243 3503 ,
252 3413 379 3484 avertit
392 3411 835 3510 lamaredintegratibelli;
848 3410 1074 3508 modicisque
1090 3437 1175 3510 prae—

105 3629 212 3676 verbum
229 3628 401 3696 consaturant,
416 3629 494 3686 forte,
512 3626 621 3675 Cramer
665 3627 773 3685 xmo,
789 3643 811 3688 7.
824 3626 917 3672 Obbam
931 3625 1001 3673 MSS.
1017 3627 1103 3673 Olbam
1117 3625 1175 3672 edd.
1207 3635 1213 3646 '

106 3708 236 3756 Drakenb.
249 3735 283 3744 -
295 3707 391 3770 Quibus
404 3718 429 3754 et
440 3723 486 3770 ego
501 3706 620 3754 etiamiu-
665 3716 725 3754 vett.
735 3705 794 3752 Vox
812 3703 908 3750 romine
925 3704 1066 3767 importune
1085 3704 1115 3751 ab
1132 3705 1176 3751 all-

105 3787 166 3834 ritls
178 3787 255 3834 codd.
264 3787 324 3833 mels
332 3786 463 3833 assentior.
479 3788 525 3833 En.
666 3799 716 3846 quo
731 3783 827 3830 videtur
840 3784 947 3830 intrusa:
961 3799 1017 3829 narn
1031 3783 1103 3829 Abba
1116 3794 1175 3830 nota

145 3867 170 3912 5.
196 3865 340 3912 Hasdrubal
359 3878 467 3928 praseae
493 3877 622 3926 ornarique
666 3873 717 3909 erat
730 3861 848 3926 Syphaci,
861 3875 906 3908 nec
916 3860 1043 3926 probabile
1052 3861 1176 3926 est,lega·

106 3945 226 3991 Barcinae
229 3942 350 4009 factionis
357 3961 368 4000 ,·
387 3941 442 3990 vide
453 3943 484 3989 ad
495 3943 575 4000 xxt,
593 3957 622 3998 a,
666 3951 706 3988 tos
718 3940 784 4003 apud
792 3939 862 3986 illum
872 3939 902 3987 de
913 3955 952 3998 ea,
968 3950 1082 4001 tanquam
1097 3939 1126 3986 de
1140 3939 1175 3986 llll

105 4039 132 4069 n.
145 4023 172 4071 5.
189 4025 227 4070 De
241 4021 393 4070 Hasdrubale
406 4022 479 4084 longe
490 4019 536 4067 alia
550 4020 624 4068 tradit
667 4018 764 4080 ignota,
776 4018 893 4080 loquutos
905 4033 971 4076 esse;
985 4017 1076 4065 Duker.
1091 4045 1126 4053 -
1138 4018 1176 4064 Si·

107 4102 219 4164 Appian.
229 4103 291 4149 Pun.
303 4109 351 4157 24,
364 4104 412 4160 29,
426 4101 468 4158 30,
484 4101 529 4158 36,
541 4099 585 4146 38.
668 4095 768 4160 genius,
784 4095 931 4160 quilegebat
943 4095 1044 4152 Olbasa,
1058 4096 1176 4159 jungebat

143 4180 169 4226 6.
186 4181 274 4228 Urbem
286 4179 382 4227 nomiae
397 4178 493 4224 Abbam
505 4193 518 4226 e
529 4177 620 4252 l'olyb.
666 4175 787 4224 conducta
797 4191 852 4223 cum
863 4174 930 4222 circa
942 4176 1040 4232 Olbam,
1050 4191 1121 4238 quam
1131 4191 1177 4238 pu-
