2888 4994
142 405 255 519 tztat:
334 427 427 494 nm
455 427 574 493 xxx.
604 426 712 494 car.
740 427 823 494 xv.
852 428 955 495 xvr.
1130 427 1170 497 31

118 550 192 619 Non
206 546 357 642 loquuta
372 559 426 616 est
441 542 622 630 ferocius,
644 568 756 642 quam
771 561 965 643 acceptum
980 550 1175 644 poculum,

116 655 209 727 nullo
221 654 473 754 trepidationis
487 656 592 752 signo
602 654 700 745 dato,
709 656 890 753 impavide
901 657 1055 730 hausitt.
1065 661 1176 750 Quod

115 765 172 837 ubi
188 766 395 836 nuntiatum
415 779 470 837 est
491 767 671 863 Scipioni,
690 791 737 838 ne
756 766 846 863 quid
871 793 966 866 aeger
987 770 1099 842 animi
1121 769 1176 844 fe-

115 903 173 948 rox
181 879 322 974 juvenis
334 878 476 975 gravius
483 876 707 963 consuleret,
727 879 880 950 accitum
894 904 979 951 eum
989 882 1175 979 extemplo

114 992 203 1058 nunc
216 988 368 1074 solatum
386 1011 504 1075 nunc,
519 986 622 1083 quod
631 990 873 1060 temeritatem
889 992 1094 1062 temeritate
1106 993 1174 1064 alia

114 1097 223 1186 luerit,
238 1099 508 1194 tristioremque
526 1121 626 1183 rem,
643 1123 754 1194 quam
772 1123 919 1170 necesse
936 1098 1062 1188 fuerit,
1076 1099 1174 1173 fece·
1242 1135 1249 1145 ¹

112 1209 169 1296 rit,
187 1209 315 1280 leniter
335 1209 494 1306 castigat.
516 1213 666 1278 Postero
687 1207 766 1296 die,
782 1223 825 1280 ut
842 1234 862 1279 a
881 1211 1051 1307 praesenti
1068 1226 1173 1282 motu

111 1334 277 1391 averteret
295 1320 458 1390 animum
481 1318 575 1413 ejus,
592 1318 630 1386 in
650 1317 811 1390 tribunal
826 1319 986 1392 escendit
996 1317 1022 1405 ⁵,
1037 1336 1073 1392 et
1091 1346 1174 1394 con·

111 1431 239 1501 cionem
250 1428 418 1501 advocari
423 1428 540 1522 jussit.
551 1425 608 1498 lbi
619 1429 861 1516 Masinissam,
875 1432 1035 1528 primum
1048 1455 1172 1528 regem

110 1541 320 1637 appellatum
345 1541 558 1636 eximiisque
579 1553 750 1612 ornatum
771 1540 958 1629 laudibus,
984 1567 1092 1614 aurea
1112 1568 1171 1614 co-

108 1672 205 1738 rona,
219 1675 329 1722 aurea
346 1664 487 1748 patera,
505 1648 593 1722 sella
611 1649 729 1721 curuli
750 1666 787 1722 et
805 1652 968 1749 scipione
987 1652 1170 1737 eburneo,

107 1771 179 1856 toga
197 1764 294 1860 picta
307 1775 343 1832 et
361 1761 517 1859 palmata
533 1760 658 1830 tunica
674 1757 819 1834 donat⁶.
837 1761 949 1834 Addit
965 1762 1086 1834 verbis
1100 1763 1169 1834 ho-

107 1891 245 1960 norem,
276 1877 407 1968 Neque
435 1871 725 1967 magnificentius
754 1872 958 1969 quidquam
984 1875 1170 1972 triumpho

106 1983 200 2076 apud
212 1988 414 2068 Romanos,
434 2005 552 2078 neque
570 1981 879 2079 triumphantibus
890 1983 1105 2080 ampliorem
1124 2009 1168 2056 eo

104 2109 226 2164 ornatu
244 2119 339 2181 esse,·
353 2118 427 2192 quo
446 2117 561 2163 uuum
578 2099 743 2163 omnium
760 2109 994 2164 externorum
1013 2093 1165 2190 dignum

103 2204 331 2274 Masinissam
340 2202 505 2300 populus
527 2227 702 2274 romanus
720 2203 839 2274 ducet.
861 2204 1012 2276 Laelium
1033 2204 1168 2278 deinde

103 2326 135 2380 et
157 2314 278 2411 ipsum
306 2313 553 2386 collaudatum
582 2339 690 2386 auree
719 2339 855 2386 corona
880 2315 1018 2387 donat:
1045 2317 1168 2389 etalii

102 2423 266 2498 militares
279 2427 361 2513 viri,
379 2439 491 2523 prout
508 2449 693 2523 equoque
710 2440 840 2498 navata
854 2451 966 2523 opera
985 2441 1078 2515 erat,
1098 2427 1166 2500 do·-

27 2565 28 2570 ¹
102 2537 256 2608 nihilis
274 2535 480 2608 honoribus
493 2535 657 2610 mollitus
671 2539 766 2634 regis
780 2537 939 2623 animus,
950 2551 1166 2636 erectusque

99 2646 133 2714 in
155 2671 256 2746 spem
279 2649 543 2746 propinquam,
567 2645 713 2723 sublato
736 2645 918 2744 Syphace,
946 2647 1066 2719 omnis
1087 2653 1164 2723 Nu·

98 2755 210 2828 midiae
231 2757 430 2856 potiundae.

141 2869 235 2940 xvi.
249 2869 386 2965 Scipio,
399 2873 438 2940 C.
454 2867 564 2938 Laelio
576 2891 660 2938 cum
671 2866 833 2964 Syphace
845 2868 997 2966 aliisque
1015 2873 1165 2968 captivis

97 2977 243 3048 Romam
263 2981 388 3066 misso,
405 3003 489 3050 cum
509 2977 645 3076 quibus
670 2993 707 3050 et
728 2979 926 3052 Masinissae
947 2980 1055 3077 legati
1076 3006 1162 3079 pro-

97 3083 173 3156 fecti
195 3102 300 3176 sunt,
321 3090 400 3187 ipse
418 3088 464 3160 ad
484 3093 625 3160 Tuneta
645 3112 793 3160 rursum
815 3104 931 3162 castra
953 3089 1081 3179 refert,
1104 3107 1160 3181 et,

96 3309 214 3374 tariusque
231 3327 295 3361 vena
310 3312 382 3360 senili
399 3327 486 3377 pamm
502 3310 605 3360 tenetur
649 3309 716 3358 conf.
725 3310 832 3374 Dionys.
841 3310 932 3370 itam,
942 3311 984 3370 35,
994 3313 1085 3361 etTne.
1094 3314 1161 3366 Ann.

94 3397 232 3440 tractarunt.
244 3393 291 3439 En.
475 3391 480 3400 '
648 3390 695 3449 Π,
713 3391 747 3437 26
767 3400 830 3437 extr.
850 3393 911 3439 Hae'o
928 3390 1022 3454 aliaque
1036 3408 1050 3440 a
1064 3395 1161 3459 populo

126 3472 333 3535 t.Norrquuuta
347 3482 383 3518 est
385 3469 512 3534 ferocius,
530 3483 605 3532 quam
649 3485 711 3517 rom.
734 3469 869 3518 Masinissae
890 3469 959 3518 dono
983 3471 1056 3519 missa
1075 3473 1161 3534 fuisse,

89 3549 473 3614 poculum...impavidehausit,·
486 3546 605 3596 debehat>
647 3547 724 3596 tradit
733 3549 843 3613 Appian.
854 3551 916 3598 Pnn.
928 3550 977 3607 32,
992 3550 1034 3612 qui
1048 3551 1164 3601 confodit

93 3642 139 3674 non
152 3631 232 3695 magis
243 3630 349 3693 loquuta
360 3627 526 3692 estseroeitert
541 3637 602 3686 etc„
647 3626 716 3674 hunc
728 3627 811 3675 iocum
820 3639 846 3676 et
856 3627 931 3675 alium
942 3628 988 3678 inf.
1000 3645 1055 3693 cap.
1069 3645 1109 3691 17.
1125 3659 1162 3667 —

92 3707 155 3769 quod
166 3720 192 3757 et
205 3710 303 3758 inverse
313 3708 418 3772 intelligi
430 3705 560 3764 convenit,
573 3721 602 3758 ac
647 3710 840 3771 Aureapaeera,
854 3718 883 3755 ut
897 3719 1010 3771 argentea
1023 3709 1105 3772 phiala
1117 3727 1159 3776 ap.

92 3787 110 3832 ai
120 3788 178 3837 citra
190 3789 363 3854 pleonasmum
372 3787 480 3836 diceret:
493 3800 546 3833 non
557 3783 603 3832 mi-
647 3785 712 3834 Pint.
719 3786 746 3832 in
755 3785 838 3834 AEmil,
847 3803 873 3852 p.
885 3802 944 3846 270.
962 3787 1001 3836 Cf.
1016 3788 1159 3854 Polyhvl,

91 3881 133 3914 nm
150 3867 273 3933 impavide
288 3867 383 3926 hausit,
400 3881 472 3930 quam
481 3863 603 3930 ferociter
647 3864 696 3927 39,
706 3866 731 3912 3.
747 3891 783 3900 -
796 3865 908 3930 Scipiom
917 3865 1037 3924 ebumeo,
1053 3879 1159 3932 sceptro.

90 3943 188 4009 loquuta
199 3958 250 4006 eet5
260 3948 345 3996 Bauer.
646 3943 719 3993 cont.
729 3944 801 3992 simii.
812 3945 861 3994 loc.
870 3947 978 4006 xxxi,
995 3961 1034 3995 rr.
1051 3948 1089 3994 De
1100 3958 1159 4012 toga

124 4027 184 4074 ern
193 4023 428 4081 embamleseendim
439 4026 601 4084 v.11,7,n.7.
642 4023 726 4086 pieta,
741 4034 789 4072 ete.
803 4024 860 4072 ride
874 4024 906 4072 ad
921 4025 961 4083 X,
981 4041 1005 4084 7,
1022 4042 1046 4074 n.
1058 4041 1083 4089 9.
1096 4027 1159 4074 Mox

122 4106 197 4154 6.]ὂί
211 4105 383 4160 Masinissam,
397 4103 506 4167 prima-m
522 4117 603 4167 regem
646 4102 710 4150 forte
723 4104 770 4166 leg.
789 4103 871 4151 Addit
885 4103 1017 4152 verborum
1034 4104 1158 4153 honorem.

91 4187 255 4248 appeliatum,
275 4201 352 4232 arima
371 4199 462 4230 corona
470 4181 602 4236 ...denam
647 4182 720 4232 Conf.
731 4181 762 4229 ad
772 4183 856 4240 XXV,
868 4197 908 4242 17,
917 4198 944 4230 n.
958 4182 982 4232 5.
