2888 4994
130 413 254 526 &22:323
316 434 410 501 Lm.
437 433 557 500 xxa.
585 434 689 502 aar.
713 433 814 500 xvi
843 435 966 501 xvn.
1088 379 1091 384 ¹
1131 432 1177 506 33

102 554 390 650 suscipierejuste
411 551 524 639 bella,
541 567 577 622 et
580 554 708 648 fincte.
728 557 840 648 Leges
850 559 959 650 pacis
979 578 1019 624 se
1036 554 1105 626 has
1118 557 1177 627 di-

103 659 233 733 cere³t
257 662 440 759 Captivos,
463 678 500 732 et
509 663 706 759 praefigas,
723 677 761 732 et
769 663 947 758 fitgt'tivos
970 669 1178 735 aestimant:

105 778 284 844 exercitus
302 797 351 842 ea
359 772 472 843 Italia
489 788 525 844 et
539 771 664 843 Gallia
678 772 880 858 deducam,-
893 777 1078 870 Hispania
1090 775 1177 846 abs-

106 889 270 958 tineant:
295 882 421 954 insulis
440 881 626 968 omnibus,
645 905 731 979 quat
751 887 845 952 inter
858 881 1008 952 Italiam
1027 899 1064 952 et
1078 887 1179 975 Afri·
1237 875 1240 882 ⁴

107 1011 190 1064 cam
212 1009 316 1078 sunt,
344 993 550 1065 decedant:
569 1017 678 1064 naves
708 992 850 1088 longas,
863 993 1159 1090 prater-viginti
1167 1049 1178 1082 ,

106 1128 232 1174 omnes
241 1104 404 1190 traciana
418 1108 525 1174 tritici
532 1109 743 1200 quingenta,
753 1103 884 1174 hordei
893 1119 1050 1176 trecenta
1062 1104 1178 1178 millia

106 1215 282 1286 modium.
299 1214 464 1286 Pecuniae
478 1237 655 1286 summam
670 1228 845 1311 quantam
858 1215 1107 1311 imperaverit,
1120 1239 1180 1312 pa·

105 1350 189 1395 rum
208 1325 429 1396 conveniet:
454 1322 541 1395 alibi
558 1326 724 1421 quinque
743 1324 857 1395 millia
875 1325 1070 1414 talentum,
1092 1325 1179 1397 alibi

106 1437 273 1531 quinque
287 1433 396 1504 millia
405 1432 530 1531 pondo
541 1434 695 1530 argenti,
707 1433 793 1504 alibi
806 1433 942 1532 duplex
956 1434 1178 1531 stipendium

107 1545 284 1616 militibus
301 1545 519 1642 imperatum
533 1544 692 1626 invenio.
709 1545 803 1615 «His
820 1544 1111 1634 conditionibus,
1126 1547 1180 1616 in·

106 1686 122 1720 a
136 1656 237 1751 quit,
249 1655 293 1742 ,si'
303 1652 441 1751 placeat
460 1678 551 1750 pax,
570 1651 733 1724 triduum
753 1653 799 1724 ad
818 1654 1099 1727 consultandum
1119 1656 1180 1726 da-

105 1797 121 1831 a
135 1764 247 1836 bitur.
269 1764 305 1834 Si
324 1762 519 1861 placuerit,
539 1786 684 1834 mecum
704 1762 868 1834 inducias
888 1763 1010 1852 facite,
1026 1771 1180 1838 Romam

107 1906 123 1941 a
137 1873 184 1946 ad
210 1888 375 1945 senatum
400 1873 531 1944 mittite
557 1871 734 1970 legatos.»
751 1879 804 1945 lta
834 1874 971 1946 dimissi
999 1877 1180 1975 Carthagi·

94 1989 272 2072 nienses,
292 1983 408 2054 nullas
435 1982 653 2054 recusandas
681 1983 910 2056 conditiones
934 1987 1033 2082 pacis
1063 2012 1179 2083 quum

109 2094 337 2168 censuissent
350 2092 364 2190 (
375 2095 513 2191 quippe
527 2094 592 2188 qui
605 2117 746 2165 moram
763 2095 938 2190 temporis
956 2111 1179 2191 quaererent,

108 2207 193 2277 dum
208 2202 390 2276 Hannibal
408 2204 446 2274 in
462 2201 617 2274 Africam
635 2203 855 2298 trajiceret),
876 2203 1012 2300 legatos
1029 2203 1117 2276 alios
1133 2206 1178 2277 ad

109 2317 337 2415 Scipionem,
350 2329 392 2384 ut
404 2312 566 2385 inducias
581 2310 760 2399 facerent,
779 2312 867 2384 alios
885 2317 1037 2386 Romam
1052 2312 1099 2384 ad
1115 2339 1178 2412 pa·

110 2439 188 2500 cem
208 2423 403 2523 petendam
422 2425 592 2509 mittunt,
615 2420 790 2492 ducentes
807 2444 943 2518 paucos
966 2422 1179 2518 inspeciem

110 2538 274 2634 captiyos
293 2533 534 2633 perfugasque
553 2547 590 2604 et
607 2529 798 2628 fugitivos,
823 2557 898 2628 qno
918 2531 1181 2630 impetrabilior

111 2672 183 2744 pax
202 2659 306 2716 esset.

160 2760 272 2828 XVII.
292 2755 417 2826 Multis
438 2768 520 2825 ante
539 2752 668 2825 diebus
683 2753 810 2824 Laelius
827 2777 910 2824 cum
927 2751 1090 2850 Syphace
1109 2755 1182 2850 pri·

111 2865 348 2961 moribusque
365 2863 604 2946 Numidarum
617 2863 767 2960 captivis
780 2867 933 2934 Romam
945 2863 1065 2951 venit;
1081 2887 1181 2958 quae·

110 3004 183 3076 que
201 2980 239 3048 in
253 2974 373 3048 Africa
386 2989 484 3072 gesta
501 2989 641 3061 essent,
656 2974 779 3044 omnia
797 2973 965 3069 exposuit
979 2971 1104 3042 ordine
1118 2977 1180 3042 Pa-

9 3213 10 3222 ,
110 3172 204 3240 gesta),
217 3183 260 3220 aut
275 3172 322 3236 leg.
338 3169 482 3217 distantum
495 3184 544 3216 non
559 3182 624 3215 ever-
668 3168 771 3230 Eutrop.
792 3167 841 3223 111,
861 3181 909 3222 ar,
927 3176 952 3211 et
970 3162 1076 3226 Appian.
1089 3175 1182 3225 prater
1218 3206 1221 3214 ,

110 3269 166 3308 πως
180 3251 245 3299 Duk.
263 3251 303 3299 Sic
319 3261 343 3297 et
357 3248 430 3298 Crev.
440 3245 571 3294 delendum
581 3263 625 3310 pn·
670 3247 751 3293 XXX.

111 3333 179 3380 tabat
192 3341 262 3386 ante,
274 3340 299 3377 et
309 3326 465 3392 exponebat:
476 3342 550 3390 qnam
558 3327 626 3373 cives
705 3331 730 3379 4.
743 3325 836 3369 Parum
847 3319 971 3376 convenit;
989 3319 1046 3366 vide
1064 3321 1096 3368 ad
1109 3325 1134 3380 1,
1151 3324 1180 3380 d,

110 3411 207 3471 snijam
216 3409 392 3471 bie,quantum
402 3407 428 3452 ln
437 3421 463 3452 se
475 3417 549 3461 esset,
560 3419 626 3452 ever
669 3419 694 3452 n.
708 3411 733 3458 t.
742 3427 777 3438 -
791 3399 903 3463 Quinque
912 3399 988 3447 millia
998 3399 1130 3446 talentum:
1140 3417 1180 3464 ap.

110 3491 210 3547 tietant3
225 3487 265 3534 vel
275 3503 330 3549 quae
344 3486 424 3550 perire
437 3485 572 3531 meruisset.
586 3479 624 3531 Cl.
670 3483 779 3546 Appias.
800 3480 873 3526 MDC
886 3479 984 3526 talenta.
1003 3480 1112 3526 Immune
1127 3489 1182 3536 eet,

111 3569 145 3616 ad
160 3568 290 3623 mm,
306 3567 354 3623 34,
369 3580 395 3612 n.
408 3571 432 3618 t.
447 3562 490 3610 Bis
495 3562 627 3628 jamteaer-
669 3561 750 3625 inquit
760 3558 901 3619 Creverius,
916 3568 1035 3622 qnantum
1046 3555 1100 3605 hac
1113 3573 1180 3605 sum·

110 3663 147 3694 see
169 3649 225 3693 Pnt.
244 3655 270 3692 et
287 3643 352 3691 Flor.
374 3655 399 3691 at
422 3643 493 3707 plane
515 3641 551 3688 bis
568 3641 625 3706 jam
670 3641 748 3688 maab
758 3638 832 3686 altera
842 3637 923 3686 distet.
933 3635 1044 3699 Quinque
1052 3637 1131 3684 millia
1142 3649 1182 3684 ta-

110 3741 201 3773 eversoe
213 3726 344 3787 lieg.Lov.
357 3725 385 3782 3,
403 3733 428 3769 et
442 3721 510 3768 Harl
525 3721 561 3767 bis
568 3720 626 3784 jam
670 3722 761 3769 lentum
774 3727 831 3764 eunt
850 3732 936 3762 marcae
951 3716 1045 3778 argenti
1061 3728 1182 3764 nostrates

106 3821 182 3870 perne
201 3819 288 3850 eversa
310 3802 376 3862 conj.
398 3803 474 3848 Doer.
495 3799 551 3846 coll.
572 3799 625 3846 Cio.
670 3798 786 3859 4687503
804 3795 911 3858 quinque
928 3809 986 3842 vero
1003 3793 1081 3842 millia
1093 3796 1180 3858 pondo
1215 3797 1220 3806 “

111 3889 172 3933 Har.
186 3886 261 3946 Resp.
276 3890 300 3938 t.
670 3885 767 3940 aequant
784 3889 875 3921 marcas
892 3883 1013 3921 nostrates
1035 3875 1101 3932 7812
1125 3889 1180 3920 arm

150 3965 174 4010 3.
196 3965 268 4026 Leges
279 3961 351 4024 pacis
369 3975 394 4006 se
412 3957 457 4006 has
470 3958 563 4012 dicere,
577 3967 623 4003 etc.
670 3967 775 4018 quatuor
785 3953 874 4000 unciis.
887 3953 933 3999 En.
946 3979 981 3988 —
995 3951 1021 3998 Si
1037 3951 1076 4016 (h.
1095 3969 1115 3998 e.
1131 3951 1179 4014 an)

111 4041 180 4090 conf.
193 4040 369 4105 AppiamPnn.
380 4040 421 4095 31,
438 4039 479 4085 32.
491 4063 525 4073 -·-
540 4034 625 4100 Perfit·
664 4035 768 4098 placeat
780 4048 836 4096 pasc
850 4049 880 4078 ex
898 4031 994 4079 emend.
1008 4032 1119 4079 Gronov.
1132 4046 1180 4094 pro

108 4137 157 4185 gas
167 4119 329 4186 etsitgitiaos,¹
340 4117 396 4166 vide
405 4117 438 4164 ad
447 4133 500 4180 cap.
511 4117 556 4173 43,
568 4131 625 4176 n.9.
669 4114 736 4174 vulg.
750 4113 882 4176 placeatne
895 4127 953 4173 patr
973 4110 1062 4173 recepi.
1085 4108 1112 4156 Si
1122 4109 1181 4173 pla·

110 4225 147 4236 -·
158 4200 240 4247 Neres
255 4199 357 4264 longas,
369 4207 463 4262 prater
476 4197 542 4251 Mt,-
559 4193 627 4260 apad
671 4202 744 4239 ceant
754 4205 812 4254 pax
831 4191 885 4237 Pur.
905 4189 931 4235 Si
943 4189 1029 4252 placet
1040 4205 1099 4253 perc
1115 4187 1181 4236 Gud.

194 4289 256 4354 VI.
990 4273 1011 4344 3
