2888 4994
143 375 201 476 ff:
214 374 261 488 3231
359 397 456 464 Lus.
483 399 606 466 xxx.
635 401 741 468 car.
770 401 832 470 xl.
850 402 947 470 uu.
1139 399 1185 472 23

118 515 198 586 inde
221 515 452 590 excdrsiones
472 518 510 588 in
528 520 644 591 vicem
662 518 762 608 fieri,
775 534 830 610 et,
849 543 966 616 quum
984 520 1111 618 pulsos
1130 525 1184 593 in—

117 626 270 724 dignatio
290 627 525 718 accenderet‚
546 629 670 728 plures
690 629 836 702 subire:
856 630 958 728 quod
978 631 1185 703 irritamen-

117 751 190 807 tum
210 739 448 810 certaminum
472 741 698 837 equestrium
721 755 796 828 est,
821 761 936 837 quum
956 756 1018 812 aut
1036 743 1185 814 vincen-

115 843 207 916 tibus
232 871 334 944 spes,
359 863 422 920 aut
445 849 558 946 pulsis
579 851 633 922 ira
656 864 824 948 aggreget
852 875 948 922 suos.
979 858 1033 922 Ita
1058 868 1137 923 tum
1163 879 1184 924 a

113 958 229 1052 paucis
252 959 376 1055 praelio
403 985 573 1050 accenso,
606 986 756 1032 omnem
783 963 968 1058 utrimque
992 977 1181 1061 postremo

114 1068 309 1163 equitatum
325 1071 531 1142 certaminis
544 1072 705 1143 studium
721 1071 861 1144 effudit.
881 1077 933 1145 Ac
952 1073 1039 1145 dum
1062 1076 1181 1146 since-

113 1201 187 1248 rum
198 1191 368 1276 equestre
379 1181 542 1278 praelium
557 1197 635 1254 erat
645 1178 670 1271 5,
686 1183 885 1254 multitudo
899 1185 1182 1280 Masaesylorum,

111 1285 265 1384 ingentia
283 1291 425 1387 agmina
446 1291 609 1390 Syphace
628 1293 837 1380 emittente,
855 1295 1026 1366 sustineri
1044 1296 1104 1365 vix
1116 1321 1181 1394 po·

112 1408 220 1469 teratr
241 1399 393 1489 deinde,
414 1417 455 1473 ut
472 1402 584 1499 pedes
601 1427 778 1474 romanus
796 1405 992 1501 repentino
1007 1427 1074 1501 per
1100 1419 1179 1474 tur-

111 1531 182 1578 mas
195 1534 278 1582 suas
292 1512 387 1582 viam
401 1512 528 1584 dantes
544 1513 751 1584 intercursu
767 1512 935 1584 stabilem
950 1507 1063 1584 aciem
1076 1512 1179 1600 fecit,

112 1616 374 1718 absterruitque
393 1620 507 1694 effuse
529 1623 764 1694 invehentem
786 1617 862 1695 sese
878 1622 1039 1711 hostem,
1060 1623 1180 1720 primo

112 1729 253 1802 barbari
277 1735 425 1830 segnius
447 1735 659 1831 permittere
680 1731 841 1832 equos⁶3
861 1733 992 1804 deinde
1015 1748 1109 1804 stare
1138 1759 1180 1806 ac

111 1864 220 1939 prope
250 1841 391 1927 turbari
421 1865 519 1915 novo
540 1869 673 1942 genere
694 1868 845 1942 pugnae;
869 1857 1073 1941 postrem0,
1102 1869 1179 1914 non

110 1951 219 2048 pediti
237 1953 359 2024 solum
378 1954 522 2042 cedere,
548 1953 612 2025 sed
633 1979 680 2026 ne
709 1954 872 2050 equitem
896 1953 1046 2050 quidem
1069 1954 1177 2024 susti·

109 2079 213 2150 nere,
235 2061 368 2160 peditis
386 2062 554 2161 prasidio
576 2063 782 2134 audentem.
808 2069 884 2133 Jam
906 2064 1008 2160 signa
1028 2087 1179 2158 quoque

108 2168 290 2268 legionum
307 2171 665 2270 appropinquabant.
690 2178 782 2243 Tum
800 2197 888 2243 vero
906 2173 1083 2268 Masaesyli
1103 2197 1196 2244 nou·

108 2281 212 2352 modo
234 2283 396 2380 primum
414 2285 611 2382 impetum,
628 2281 692 2354 sed
707 2309 755 2354 ne
770 2299 1009 2382 conspectum
1027 2283 1177 2381 quidem

108 2391 292 2488 signorum
308 2407 418 2491 atque
432 2417 636 2481 armorum,
651 2393 816 2464 tulerunt
831 2420 839 2462 τ
863 2408 1004 2466 tantum
1019 2418 1084 2464 seu
1098 2419 1178 2465 me-

107 2505 216 2574 moria
230 2506 397 2602 priorum
415 2505 588 2593 cladium,
607 2529 672 2576 seu
691 2528 849 2601 praesens
866 2520 985 2577 terror
1003 2503 1134 2574 valuit!

152 2619 233 2685 XII.
249 2613 307 2686 Ibi
320 2615 484 2713 Syphax,
499 2615 588 2686 dum
602 2613 792 2718 obequitat
807 2614 968 2686 hostium
988 2615 1133 2704 turmis,
1147 2616 1178 2684 si

26 2795 27 2804 ,
106 2724 284 2821 pudore·¹,
309 2726 339 2797 si
357 2725 521 2823 periculo
543 2747 610 2797 suo
633 2724 756 2822 fugam
776 2727 901 2796 sistere
918 2738 1057 2822 posset,
1076 2747 1175 2820 equo

107 2834 259 2930 graviter
273 2836 363 2924 icto,
378 2833 515 2908 effusus
527 2837 748 2934 opprimitur
763 2836 995 2933 capiturque,
1010 2849 1046 2906 et
1059 2835 1175 2922 vivus,

26 2993 27 3000 .
104 2941 221 3015 latum
234 2959 320 3017 ante
334 2971 463 3018 omues
472 2947 666 3017 Masinissae
678 2945 897 3044 prebiturus
911 2945 1173 3043 spectaculum,
1185 2989 1188 2994 ι

26 3019 29 3158 i
107 3053 148 3123 ad
172 3055 324 3127 Laelium
347 3057 579 3153 pertrahitur.
610 3058 708 3128 Cirta
736 3072 844 3154 caput
871 3058 975 3153 regni
1003 3055 1176 3154 Syphacis

108 3179 205 3234 erat:
229 3189 275 3236 eo
296 3191 334 3238 se
357 3168 485 3264 ingens
503 3167 696 3240 hominum
721 3168 877 3239 contulit
895 3168 960 3237 ris.
986 3165 1111 3238 Gades
1136 3167 1175 3236 in

107 3297 148 3344 eo
167 3277 293 3373 praelio
314 3279 455 3367 minor,
477 3303 588 3375 quam
606 3279 779 3366 victoria,
798 3277 885 3364 fuit,
906 3278 994 3374 quia
1014 3277 1178 3373 equestri

106 3388 357 3459 tantummode
369 3387 496 3486 praelio
510 3403 687 3460 certatum
707 3387 825 3458 fuerat
841 3415 849 3458 ε
868 3412 946 3458 non
965 3385 1049 3484 plus
1068 3387 1174 3482 quin-

138 3607 162 3656 t.
171 3607 297 3656 sincerum
306 3613 415 3672 equestre
420 3608 549 3672 pralium,
564 3625 615 3656 me·
660 3609 743 3658 decem
753 3610 852 3656 fuctum.
866 3607 963 3656 Pedites
975 3606 1000 3655 h.
1012 3607 1031 3655 l.
1044 3618 1101 3654 sunt
1115 3606 1176 3655 veli-

104 3699 168 3745 mm,
181 3687 306 3750 equitibus
320 3697 416 3736 tuntum
433 3689 614 3753 pugnantibus,
659 3700 709 3748 tes,
730 3688 787 3752 quia
804 3698 967 3752 opponuntur
979 3701 1040 3734 mox
1054 3687 1125 3751 signa
1142 3687 1175 3733 Ie·

26 3797 27 3804 .
105 3780 152 3812 non
161 3762 276 3816 admixtis
285 3764 419 3831 peditibus.
519 3789 521 3796 ·
655 3768 758 3833 pienum
776 3782 819 3814 seu
838 3766 985 3830 legionarii,
1006 3767 1064 3812 Em.
1087 3765 1128 3814 Sic
1150 3777 1174 3813 et

136 3846 166 3918 d.¹
177 3845 277 3911 Segnius
287 3846 429 3911 permittere
447 3860 539 3912 equom
556 3846 614 3894 vide
658 3845 791 3905 xxxm,
813 3861 825 3906 7
844 3857 868 3893 et
884 3853 924 3902 14.

26 3909 27 3956 i
105 3923 134 3970 ad
146 3927 185 3983 11,
200 3926 246 3982 56,
260 3927 396 3976 d.1.Mox
402 3935 508 3991 propere
518 3925 614 3973 turbari
692 3925 753 3973 Cir.
768 3927 828 3972 ΧΠ.
841 3939 862 3972 ι.
878 3924 905 3972 Si
910 3924 1020 3988 pudore,
1042 3923 1172 3986 experiens

106 4004 189 4066 optimi
197 4007 270 4064 MSS,
283 4007 385 4066 metius,
400 4007 457 4071 quie
470 4007 551 4054 stetim
562 4019 612 4053 ees·
657 4017 716 4052 uum
729 4005 793 4052 forte
805 4019 878 4051 sensu
889 4003 1004 4068 pudoris,
1012 4014 1084 4065 quern
1094 4017 1173 4050 exem·

105 4082 158 4130 sisse
171 4084 302 4144 dicdnmr3
314 4087 369 4135 dec.
384 4088 461 4135 (ΗΜ.
476 4086 614 4134 Insolenter
658 4083 701 4148 plo
715 4095 761 4130 suo
778 4082 899 4130 militibus
912 4079 1035 4142 injicere13
1050 4077 1124 4128 Doer.
1136 4081 1174 4128 cf.

107 4159 194 4210 dietum
204 4168 255 4224 ett3
268 4165 344 4213 Beer.
356 4191 391 4202 -
405 4165 556 4222 Ardentem,
572 4177 613 4212 uu·
659 4161 690 4210 ad
699 4165 726 4224 1,
740 4162 786 4223 57,
796 4179 821 4210 u.
839 4177 862 4208 1.
