2888 4994
268 425 314 496 30
699 415 738 490 Τ.
772 424 912 492 mvn
1188 403 1310 517 3:532}
1422 301 1426 506 i

266 561 428 622 testatem
448 567 532 614 eam
549 541 786 629 traditurum,
808 567 854 614 ex
873 543 1044 639 praetorio
1063 543 1103 614 in
1124 541 1332 616 tabernacu-

268 659 345 728 lum
372 679 479 727 snum
499 651 670 725 confusus
696 653 883 726 concessit.
905 651 981 741 lbi,
1005 651 1149 726 arbitris
1170 657 1333 741 remotis,

267 791 383 864 quum
401 765 533 837 crebro
551 765 725 861 suspiritu
743 777 779 836 et
793 767 951 861 gemitu,
968 762 1071 860 quod
1083 761 1187 836 facite
1203 764 1250 838 ab
1269 767 1333 838 cir-

268 876 534 952 cumstantibus
551 874 829 946 tabernaculum
843 873 1006 946 exaudiri
1024 889 1163 972 posset,
1182 876 1336 974 aliquan·

268 1005 347 1060 tum
367 987 542 1085 temporis
569 985 872 1082 consumpsisset;
890 984 1031 1082 ingenti
1049 984 1095 1056 ad
1114 992 1334 1084 postremum
1422 1033 1425 1050 .

249 1164 251 1170 .
269 1099 368 1172 edito
380 1099 536 1196 gemitu,
551 1095 666 1167 fidum
681 1120 702 1166 e
718 1095 852 1166 servis²
866 1108 988 1181 vocat,
1011 1093 1081 1166 sub
1095 1095 1199 1190 cujus
1216 1110 1336 1168 custo·

269 1211 327 1282 dia
343 1210 444 1306 regio
462 1231 563 1278 more
582 1205 628 1276 ad
649 1207 788 1276 incerta
806 1203 961 1278 fortunae
980 1229 1163 1276 venenum
1187 1221 1284 1294 erat,
1305 1220 1337 1278 et

269 1322 423 1391 mixtum
451 1319 489 1389 in
512 1316 644 1415 poculo
671 1313 765 1386 ferre
790 1314 835 1386 ad
856 1313 1123 1412 Sophonisbam
1140 1311 1282 1410 jubet³‚
1299 1339 1338 1386 ac

270 1435 378 1507 simul
394 1433 564 1504 nuntiare
574 1485 584 1518 ‚
594 1435 830 1501 Marinusam
846 1429 998 1502 libenter
1001 1436 1167 1528 primam
1183 1436 1219 1500 ei
1217 1431 1338 1527 fidem

255 1561 526 1650 'praestaturum
535 1544 671 1633 fuisse,
692 1565 807 1638 quam
828 1546 890 1611 uir
908 1547 1020 1612 uxori
1039 1542 1211 1614 debuerit.
1240 1545 1339 1634 Quo·
1420 1579 1425 1612 ‹

269 1662 371 1726 niam
385 1654 576 1725 arbitrium
591 1653 679 1747 ejus,
694 1656 762 1748 qui
763 1655 925 1748 possint,
943 1652 1128 1739 adimunt,
1142 1652 1338 1722 secundam

258 1767 381 1862 fidem
398 1778 598 1864 praestare,
622 1785 669 1831 ne
692 1766 779 1831 viva
797 1766 836 1830 in
847 1777 1068 1858 potestatem
1089 1767 1339 1834 Romanorum
1420 1760 1424 1797 ³

268 1881 557 1947 ueniatMemor
557 1879 680 1971 patrii
690 1879 916 1970 imperatorii
918 1880 1129 1973 patriaque
1138 1891 1176 1945 et
1184 1876 1339 1946 duorum
1423 1946 1424 1962 ¹

269 1985 550 2084 regum,quibus
563 1985 823 2080 nuptafhisset,
837 1983 909 2053 sibi
924 1989 1004 2081 ipsa
1015 1984 1225 2055 consuleret.
1235 1990 1341 2056 Hunc
1422 1988 1423 1998 ’

269 2099 442 2166 nuntium
462 2119 503 2164 ac
524 2092 631 2164 simul
651 2117 834 2162 venenum
853 2090 974 2164 ferens
988 2095 1152 2166 minister
1165 2120 1284 2193 quum
1298 2094 1341 2165 ad
1419 2177 1422 2192 Ι

270 2204 539 2306 Sophonisbam
572 2204 746 2292 venisset,
773 2205 970 2302 «Accipio,
1003 2205 1143 2302 inquit,
1178 2205 1341 2304 nuptiale

269 2349 286 2384 α
302 2341 456 2403 munus,
476 2338 598 2411 neque
618 2315 818 2412 ingratum,
847 2317 876 2386 si
902 2314 994 2386 nihil
1014 2316 1132 2411 majus
1153 2318 1209 2388 vir
1236 2317 1343 2388 uxori

270 2460 287 2494 «
300 2440 469 2526 praestare
484 2425 614 2524 potuit.
634 2431 713 2498 Hoc
731 2438 855 2496 tamen
871 2427 1022 2515 nuntia,
1037 2427 1170 2499 melius
1189 2451 1248 2498 me
1266 2451 1343 2498 mo-

269 2541 451 2612 orituram
472 2534 598 2625 fuisse,
621 2537 651 2608 si
675 2559 753 2607 non
770 2536 816 2605 -in
835 2532 965 2606 funere
989 2559 1074 2608 meo
1099 2537 1340 2636 nupsissem».

272 2766 321 2833 ⁵7)
334 2765 484 2820 cumularet,
505 2778 559 2810 ean
573 2770 717 2826 prastaret,
732 2759 786 2820 eius
830 2768 883 2808 tmu
894 2756 963 2806 dioit.
972 2783 1008 2794 -
1017 2757 1125 2808 similem
1140 2757 1251 2808 mulieris
1263 2759 1345 2806 miser-

271 2843 557 2898 axsolreudaeratiouem
564 2838 786 2890 haberet-Con·
828 2836 897 2886 rime
917 2847 942 2884 et
963 2835 1037 2883 simul
1049 2835 1189 2884 fortissima
1205 2839 1303 2884 exitum
1318 2836 1344 2883 in

266 2927 354 2993 fitsus,·
366 2924 423 2972 vide
437 2922 469 2970 ad
479 2938 533 2986 cap.
544 2921 573 2978 6,
590 2936 615 2968 n.
628 2935 651 2966 1.
660 2915 785 2980 -Suspi-
829 2932 926 2964 scenam
939 2915 1049 2980 gallicam
1061 2915 1179 2979 protulit,
1193 2927 1219 2964 et
1231 2915 1345 2980 quaedam

272 3007 320 3054 ritu
336 3004 447 3053 meliores
462 3003 539 3057 MSS,
557 3014 609 3046 nou
619 2995 731 3062 suspirio.
745 2995 798 3045 ct
829 3011 862 3043 οι
873 2995 923 3044 hoo
934 2994 992 3043 loeo
1005 2995 1150 3044 adverbum
1159 2997 1209 3044 fers
1223 2996 1346 3060 npmsit

271 3090 385 3134 Gronov.
397 3082 430 3132 ad
441 3082 467 3130 h.
482 3081 501 3130 l.
516 3091 540 3128 ot
554 3077 656 3126 Colvius
666 3075 698 3123 ad
708 3073 784 3144 Apul.
828 3075 932 3124 Noetras
940 3075 1044 3134 limine,
1056 3075 1210 3133 Mithridate,
1217 3077 1250 3136 V,
1262 3093 1299 3125 so.
1310 3092 1324 3122 a
1337 3091 1344 3124 :

246 3194 252 3220 ,
273 3167 335 3214 Met.
346 3166 372 3222 Ι,
388 3179 414 3227 p.
424 3177 449 3223 9.
463 3187 498 3196 —
511 3157 586 3220 Quod
585 3155 679 3222 facile,
694 3166 741 3202 etc.
757 3165 786 3201 ut
829 3161 917 3199 nonne
925 3159 1106 3206 uite,treu,au
1114 3159 1146 3198 roi
1156 3160 1192 3214 qui
1203 3160 1344 3203 met'envoie,

271 3244 349 3302 illud,
368 3259 403 3290 sc.
422 3239 543 3304 suspirare
562 3245 587 3284 et
608 3248 719 3299 gemere:
737 3233 786 3282 nisi
829 3235 1345 3291 Qusdemetespn'moqaem'atutssahonse',
1423 3249 1424 3262 π

271 3317 604 3389 proquodieg.qui,·1)00r.
829 3316 955 3368 humitis
965 3315 1097 3370 pluebant
1107 3315 1182 3368 taplus
1191 3315 1293 3356 ιοὼὶιὲ.

309 3427 332 3460 u.
351 3408 439 3458 Fidum
452 3421 467 3454 a
479 3403 550 3452 servis
557 3437 565 3460 ,
583 3413 612 3452 ut
626 3399 692 3466 apud
704 3400 785 3450 Tacit.
830 3398 887 3446 Hoc
913 3407 1083 3462 argumentum
1103 3396 1171 3462 apud
1196 3397 1347 3445 recentiores
1423 3419 1424 3422 ¹

272 3482 687 3545 Anmt.x1t⁷‚11;snet0n.tug.
702 3482 744 3540 67,
758 3491 784 3527 et
827 3492 930 3542 poeseos
947 3478 1044 3541 tragicae
1060 3476 1209 3541 principium
1225 3475 1347 3540 singulari
1422 3498 1423 3502 =

271 3571 304 3617 al.
314 3569 392 3616 Gron.
408 3591 443 3601 -
452 3563 499 3610 Sub
513 3560 581 3626 eujus
593 3559 706 3606 custodia
716 3558 782 3624 regio
827 3555 935 3620 quodam
946 3556 1001 3604 fato
1010 3549 1154 3604 oelebratur.
1165 3555 1263 3604 Primus
1271 3556 1348 3604 Italo·

272 3663 339 3696 mre
352 3645 389 3694 ad
399 3639 609 3706 immofommoe
616 3636 687 3703 (vide
695 3638 730 3688 ad
737 3639 784 3695 tt,
828 3653 896 3696 run,
903 3635 947 3700 qui
955 3636 1098 3700 tragoediam
1107 3635 1244 3699 scripserit,
1253 3637 1347 3699 Gourg.

273 3745 317 3788 27,
331 3743 357 3773 n.
372 3723 399 3789 r)
417 3737 540 3770 uenenum
550 3729 619 3776 enat,-
637 3717 703 3765 coni.
717 3718 782 3781 Lips.
828 3716 965 3773 Trissinus,
978 3715 1042 3763 hano
1057 3714 1089 3762 ud
1105 3726 1154 3762 tres
1173 3714 1232 3762 artis
1246 3717 1348 3779 tragica

274 3805 419 3854 Manuduct.
430 3801 461 3848 ad
477 3798 569 3848 Philos.
583 3798 660 3846 Stoic.
670 3799 723 3854 111,
737 3799 784 3857 28,
829 3795 924 3858 regulas
935 3795 1018 3857 exegit
1027 3793 1147 3853 fabulam,
1159 3810 1214 3858 quae
1223 3804 1313 3859 postes
1320 3795 1349 3841 in

273 3897 298 3933 et
318 3881 421 3933 Casuub.
440 3878 472 3926 ad
489 3877 569 3926 strab.
586 3879 639 3935 111,
657 3893 713 3942 pag.
724 3875 784 3924 251.
830 3874 945 3938 gallienus
954 3873 1077 3922 theanum
1086 3874 1223 3922 secundun
1232 3873 1308 3934 hujus
1316 3873 1349 3922 lo

311 3965 335 4011 3.
348 3961 456 4010 Mirtum
471 3959 496 4006 in
509 3957 602 4022 poculo
610 3955 682 4020 ferre
694 3955 731 4003 ad
742 3957 786 4002 So·
830 3970 898 4018 gesa
917 3955 958 4002 Jo.
972 3953 1081 4002 Mirm
1094 3963 1188 4017 septen
1201 3953 1273 4002 nnis
1289 3964 1348 4002 ute

269 4042 418 4108 pionisbam
423 4038 508 4103 jubet,
530 4047 578 4084 etc.
592 4035 664 4083 Cous.
677 4035 786 4100 Appiam
831 4033 951 4096 Magnum
963 4031 1107 4080 Cornelius
1124 4031 1169 4099 (rr
1183 4030 1253 4097 Cro)
1266 4043 1349 4080 trans-
1423 4043 1424 4079 t

274 4123 336 4170 Pun.
351 4123 383 4178 8,
400 4119 443 4183 qui
460 4129 541 4166 tamen
555 4113 605 4162 hoo
619 4129 739 4162 venenum
756 4115 788 4162 ab
831 4111 893 4170 lata,
906 4112 973 4161 volut
981 4115 1044 4161 tanti
1051 4113 1152 4165 luminis
1160 4112 1301 4176 praenuntia
1310 4127 1348 4158 re-

273 4204 329 4264 ipso
339 4199 466 4247 Masinissa
479 4195 541 4243 clam
554 4193 716 4259 Sophonisba
730 4192 787 4240 aila·
832 4191 914 4240 fuisit:
930 4207 982 4239 ean
997 4193 1088 4256 etipse
1102 4193 1130 4242 P.
1145 4191 1275 4241 Cornelius
1287 4190 1349 4238 vnt-
