2888 4994
271 429 317 514 a
698 430 909 496 T.L1V11
1186 407 1307 523 stitit:

184 615 186 622 ,
268 553 404 638 tribus,
427 551 569 648 ingenti
587 550 752 619 omnium
776 563 813 620 et
836 549 875 618 in
893 571 1050 646 praesens
1076 547 1214 637 laetitia,
1240 564 1275 620 et
1294 552 1330 619 iu

269 662 433 733 futurum
447 685 522 758 spe.
536 659 705 732 Consulti
719 659 805 730 inde
814 665 937 730 Patres
951 683 1072 756 regem
1085 659 1331 729 incustodiam

268 773 395 844 Albam
412 769 632 842 mittendum
646 785 884 858 censuerunt3
900 769 1067 841 Laelium¹
1085 770 1331 854 retinendum,

269 881 387 958 donec
405 880 513 978 legati
531 879 836 977 carthaginienses
853 881 1031 951 venirent.
1057 880 1282 978 supplicatio
1297 881 1332 949 in
1425 937 1426 966 ,

270 989 503 1088 quatriduum
516 990 660 1062 decreta
673 1005 739 1062 est.
752 996 788 1061 P.
799 991 909 1062 AEiius
920 1005 1074 1089 praetor,
1088 993 1214 1062 sendtu
1228 991 1333 1062 misso

270 1115 306 1172 et
322 1103 503 1172 concione
521 1099 607 1172 inde
629 1099 820 1188 advocata,
846 1124 930 1170 cum
955 1105 996 1172 C.
1018 1101 1125 1171 Laelio
1151 1103 1190 1170 in
1211 1107 1335 1172 Rostra

268 1209 441 1282 escendit.
460 1209 517 1280 Ibi
535 1235 623 1280 vero
643 1209 848 1297 audientes,
868 1209 967 1282 fusos
986 1211 1333 1310 Carthaginiensium

269 1322 468 1408 exercitiis,
491 1320 675 1391 devictum
703 1335 741 1392 et
763 1336 910 1419 captum
929 1323 1086 1419 ingentis
1106 1322 1265 1392 nominis
1282 1346 1334 1392 re·

269 1455 350 1528 gem
360 1431 591 1519 ,Numidiam
609 1441 756 1502 omnem
772 1433 913 1529 egregia
928 1433 1077 1503 victoria
1094 1447 1334 1530 peragratam,

269 1531 420 1612 tacitum
442 1543 630 1612 continere
651 1541 825 1638 gaudium
848 1567 926 1611 non
949 1555 1134 1640 poterant,
1154 1544 1245 1638 quin
1267 1541 1336 1612 cla·

269 1651 451 1740 moribus,
472 1650 681 1748 quibusque
712 1651 789 1720 aliis
819 1650 1016 1722 multitudo
1042 1639 1165 1738 solet,
1180 1652 1336 1724 laetitiam

269 1761 501 1832 immodicam
539 1759 793 1858 significarent.
822 1766 951 1856 Itaque
983 1777 1115 1859 praetor
1152 1760 1336 1860 extemplo

272 1873 400 1958 edixit,
422 1875 482 1940 Uti
493 1871 622 1942 ceditai'
632 1871 731 1940 cedes
742 1895 867 1940 sacras
884 1895 1008 1942 omnes
1022 1889 1097 1942 tota
1114 1873 1203 1943 arbe
1218 1879 1337 1970 aperi-

270 1981 627 2068 rent,·cireiimeandi
638 1979 896 2077 salutandique
906 1981 992 2054 deos
1001 1982 1206 2079 agendique
1216 1998 1336 2080 grates
1421 2030 1424 2080 ¹.

189 2161 193 2188 ι
266 2117 336 2189 per
360 2081 473 2160 totam
496 2090 614 2159 diem²
628 2089 771 2186 populo
785 2106 950 2186 potestas
963 2093 1085 2188 ficret.
1108 2098 1257 2163 Postero
1281 2092 1337 2162 die
1420 2116 1424 2190 ι’

269 2204 407 2299 legatos
428 2200 623 2270 Masinissae
651 2199 690 2267 in
720 2213 884 2274 senatum
898 2201 1127 2273 ¹introdusit.
1158 2202 1340 2272 Gratulati'

270 2314 427 2409 primum
449 2309 589 2380 senatui
607 2322 708 2394 sunt,
722 2310 825 2406 qaod
839 2315 882 2379 P.
900 2313 1022 2408 Scipio
1034 2336 1208 2410 prospere
1224 2338 1282 2383 res
1302 2317 1338 2380 in
1422 2348 1423 2352 =

270 2425 400 2514 Africa
414 2425 602 2516 gessisset:
624 2417 758 2490 deinde
776 2421 906 2516 gratias
924 2437 1097 2518 egerunt,
1112 2422 1215 2518 qnod
1225 2427 1338 2492 Masi-

272 2539 408 2602 nissam
437 2555 510 2600 non
536 2527 756 2626 appellasset
780 2531 890 2601 modo
916 2557 1057 2627 regem,
1088 2532 1156 2602 sed
1171 2533 1337 2623 fecisset,

273 2641 490 2712 restituendo
509 2645 546 2708 in
551 2654 752 2736 paternam
766 2664 937 2735 regnnm;
954 2647 992 2711 in
1009 2666 1082 2739 qno
1093 2657 1182 2738 post
1196 2643 1341 2740 Sypha-

274 2778 350 2824 cem
363 2751 565 2838 sublatam,
584 2755 617 2820 si'
630 2755 680 2819 ita
699 2751 871 2822 Patribus
888 2757 1009 2822 cnam
1023 2767 1130 2839 esset,
1147 2757 1224 2821 sine
1243 2768 1340 2822 metii

273 2880 313 2950 et¹
325 2867 519 2934 certamine
538 2875 629 2930 esset
647 2876 871 2954 regnaturas.
896 2865 1010 2949 Dein,
1026 2861 1129 2959 qnod
1149 2862 1341 2932 collauda·

273 2992 348 3046 tam
361 2997 435 3071 pro
452 2977 623 3042 concione
639 2971 870 3068 amplissimis
890 2972 1095 3043 decorasset
1110 2974 1239 3043 donis:
1258 2979 1342 3070 qai'-

273 3085 339 3155 bas
354 3110 399 3154 ne
411 3084 580 3178 indignas
592 3096 684 3150 esset
692 3136 702 3168 ,
723 3096 759 3150 et
770 3081 910 3153 dedisse
923 3108 1073 3182 operam
1087 3090 1340 3170 Masinissam,
1420 3105 1421 3108 ’

272 3213 426 3295 etporro
444 3195 615 3264 daturam
636 3217 721 3263 esse.
742 3198 889 3282 Petere,
912 3211 953 3266 nt
966 3203 1105 3292 regiani
1120 3222 1253 3268 nomen
1273 3221 1341 3270 cce·
1421 3243 1422 3266 i

272 3397 345 3446 Conf.
354 3411 427 3460 snpra
436 3395 468 3442 ad
476 3395 566 3442 librum
576 3396 600 3453 1,
610 3411 664 3458 cap.
673 3394 688 3441 5
691 3409 714 3453 7,
727 3409 752 3440 n.
762 3408 783 3441 1.
828 3393 905 3452 diem,
916 3396 981 3446 forte
991 3413 1036 3461 per
1046 3399 1105 3459 1111
1113 3399 1202 3457 durem,
1216 3399 1242 3447 li.
1250 3415 1273 3447 e.
1282 3413 1343 3462 qua·

307 3477 368 3526 Car.
378 3477 462 3522 xvn.
474 3490 495 3523 1.
507 3473 609 3522 Lteliam
618 3471 783 3529 retinendam,
829 3466 955 3516 triduum
970 3485 1027 3516 nain
1043 3469 1188 3532 supplicatio
1205 3471 1230 3517 in
1246 3469 1343 3533 quatri-

273 3568 320 3606 etc.
339 3555 385 3603 sed
404 3569 460 3617 cap.
479 3569 510 3600 ar
527 3563 591 3600 extri
608 3551 733 3598 ᾱίωἰιωιπ
751 3551 786 3597 ait
829 3545 904 3592 duum
918 3546 1017 3595 &creta
1031 3559 1096 3607 erat3
1113 3548 1183 3613 Pigh.
1195 3549 1222 3597 in
1233 3551 1301 3597 Anu.
1311 3547 1344 3596 ad

272 3646 328 3684 ante
336 3631 624 3695 adventumlegitorum:
634 3639 785 3693 quapropter
828 3636 868 3673 en.
880 3625 946 3684 550,
958 3643 985 3690 p.
995 3634 1055 3682 aaa.
1071 3630 1173 3675 Senatus
1186 3629 1288 3692 quidem
1301 3627 1344 3674 de·

272 3715 313 3763 vel
327 3714 452 3761 decretum
461 3719 641 3766 mutatumest,
654 3707 785 3769 vellapsus
828 3715 937 3753 creverat
955 3722 1022 3766 eam,
1045 3707 1089 3755 sed
1110 3718 1203 3772 praetor
1228 3703 1344 3756 nondum

272 3791 389 3842 memorie
401 3789 541 3837 diversosve
550 3797 667 3850 sequutus
675 3796 786 3834 auctores
828 3783 955 3833 edixerat:
969 3786 1066 3834 interim
1079 3786 1163 3850 igitur,
1173 3785 1233 3833 dum
1243 3798 1344 3850 tempus

271 3874 354 3921 Liviiis
369 3871 424 3918 hac
439 3868 550 3932 scripsit,
564 3865 631 3914 Glsr.
649 3865 714 3912 Vide
728 3879 784 3928 quae
829 3861 988 3912 commodum
1002 3867 1111 3924 veniret,
1127 3876 1156 3914 ut
1172 3867 1267 3930 populo
1283 3865 1346 3914 satis

252 3961 390 4000 ‘notantur
409 3946 487 4005 infra,
502 3963 527 4010 p.
541 3951 582 4000 44.
594 3945 639 3990 Eu.
650 3971 685 3980 —
698 3947 729 3990 In
738 3945 785 3990 ito·
828 3940 910 4004 fleret,
926 3943 1018 4003 edixit,
1033 3956 1063 3994 ut
1080 3961 1110 3992 eo
1129 3944 1202 3998 etiam
1217 3945 1257 3992 die
1276 3945 1344 3994 redes

272 4042 324 4078 stra
337 4025 457 4083 esceiidi'ts
470 4024 527 4072 vide
541 4022 573 4070 ad
585 4025 625 4080 11,
641 4039 665 4082 7,
679 4039 704 4072 n.
718 4040 742 4083 7,
759 4033 784 4071 et
828 4037 902 4070 sacras
915 4034 968 4072 tota
979 4024 1041 4072 urlie
1054 4035 1182 4088 paterenti
1202 4024 1279 4071 Drak.
1296 4027 1345 4070 Per
1420 4033 1421 4082 t

272 4110 404 4167 vl11,1i.
828 4114 905 4151 totam
922 4102 987 4150 diem
1005 4117 1156 4166 unoquoque
1169 4114 1276 4167 quatuor
1290 4101 1343 4150 die·

307 4203 332 4236 a.
355 4182 502 4251 Agendiqiie
522 4192 606 4246 grates
627 4195 677 4243 per
707 4191 783 4228 tetam
827 4186 984 4246 rum3Doer-
