2888 4994
132 433 197 536 2:31
211 435 259 546 3233
332 453 430 520 ma
455 455 576 522 xxx.
604 457 711 525 car.
740 457 822 524 xx.
849 455 953 525 ιιι.
1133 457 1180 541 aa

106 577 269 648 usiis'sset.
284 579 344 662 Se,
360 591 504 646 centum
521 575 684 648 millibus
701 591 928 647 armatorum
941 574 995 646 ad
1006 579 1182 646 Trasime-

106 714 197 759 num
216 703 253 758 et
268 691 414 758 Cannas
432 693 554 775 cresis,
572 693 669 758 circu
693 686 892 758 Casilinum
919 689 1124 787 Cumasque
1146 701 1185 755 et

107 797 247 872 Nolam
266 802 504 868 consenuisse.
520 803 604 871 Haec
619 822 792 870 accusans
802 821 1036 894 querensque
1050 821 1096 867 ex
1107 795 1184 867 diu·

106 907 431 1006 tinapossessione
449 905 582 979 ltaliae³
603 923 658 979 est
676 907 870 979 detractus.

157 1023 254 1090 XXI.
271 1023 423 1089 Romam
434 1043 500 1116 per
512 1018 660 1090 eosdem
676 1017 771 1106 dies,
787 1022 1024 1114 etMagonem
1039 1031 1074 1086 et
1088 1021 1183 1086 Han·

111 1127 270 1200 nibalem
287 1126 488 1226 profectos,
506 1130 655 1201 allatum
674 1143 739 1200 est.
761 1128 876 1223 Cujus
893 1126 1049 1224 duplicis
1063 1139 1183 1223 gratu·

108 1239 253 1309 lationis
267 1239 399 1308 minuit
419 1239 599 1328 laetitiam,
614 1253 651 1310 et
668 1237 772 1336 quod
789 1261 918 1336 pamm
938 1237 1050 1308 duces
1071 1238 1110 1306 in
1123 1261 1182 1307 re·

109 1347 271 1420 tinendis
283 1349 327 1418 iis
342 1348 477 1445 (quum
495 1348 534 1419 id
553 1350 771 1420 mandatum
788 1347 836 1420 ab
852 1362 980 1420 senatu
993 1346 1107 1443 esset)
1122 1360 1184 1418 ant

110 1460 237 1546 animi,
257 1473 322 1529 aut
340 1459 471 1530 vinnm
493 1459 663 1531 habuisse
681 1458 917 1548 ridebantur,
936 1472 973 1530 et
993 1458 1095 1555 quod
1114 1458 1184 1528 sol·

110 1568 198 1638 liciti
217 1581 335 1655 erant,
352 1571 453 1639 omni
473 1569 561 1641 belli
581 1570 680 1642 mole
702 1572 740 1640 in
758 1593 875 1641 unum
896 1569 1029 1640 ducem
1052 1571 1184 1640 exerci-

110 1693 266 1775 tumque
280 1679 471 1770 inclinata,
488 1704 563 1778 quo
578 1705 727 1753 evasura
746 1695 840 1752 esset
855 1703 924 1752 res.
948 1686 1016 1751 Per
1036 1678 1183 1751 eosdem

113 1789 191 1862 dies
214 1791 323 1887 legati
352 1793 535 1888 saguntini
563 1805 763 1880 venerunt,
792 1789 1076 1889 comprehensos
1099 1814 1183 1862 cum

112 1901 268 1998 pecunia
292 1899 516 1973 adducentes
539 1900 871 1998 Carthaginienses,
890 1901 955 1997 qui
980 1899 1026 1970 ad
1047 1898 1186 1970 eondu-

113 2009 227 2082 cenda
240 2010 372 2081 auxilia
384 2009 653 2111 in‘Hispaniam
667 2013 902 2107 trajecissent.
920 2015 1131 2081 Ducentum
1149 2023 1185 2081 et

113 2118 378 2215 quinquaginta
401 2122 499 2209 auri,
523 2123 775 2220 octingentum
806 2120 935 2220 pondo
959 2121 1122 2219 argenti¹
1146 2122 1185 2190 in

113 2231 294 2304 vestibulo
312 2233 421 2302 curiae
442 2248 655 2330 posuerunt.
671 2233 892 2305 Hominibus
911 2233 1067 2329 acceptis
1091 2246 1128 2303 et
1148 2231 1186 2302 in

113 2365 296 2414 carcerem
318 2344 493 2435 conditis,
510 2370 599 2416 auro
626 2357 853 2442 argentoque
879 2342 1042 2430 reddito,
1065 2343 1186 2440 gratiae

114 2454 241 2553 legatis
269 2470 378 2547 actae,
408 2472 516 2554 atque
538 2459 689 2557 insuper
710 2481 863 2528 munera
889 2455 973 2526 data
993 2477 1034 2524 ac
1060 2447 1186 2541 naves,

113 2565 249 2662 quibus
262 2568 301 2636 in
317 2568 526 2666 Hispaniam
538 2582 818 2640 reverterentur.
836 2567 976 2637 Mentio
991 2562 1124 2634 deinde
1140 2560 1186 2632 ab

112 2677 320 2749 senioribus
348 2677 441 2750 facta
468 2695 540 2769 est,
568 2684 718 2776 Segnius
745 2680 910 2749 homines
935 2675 1051 2760 bonu,
1074 2699 1186 2770 quum

112 2790 233 2877 mula,
252 2797 393 2862 sentire.
421 2797 590 2862 Transito
610 2797 648 2862 in
665 2789 814 2862 Italiam
828 2786 1051 2859 Hannibalis
1068 2809 1187 2882 quun·

114 2918 191 2972 tum
206 2908 350 2972 tenoris
358 2909 597 3002 pavorisque,
611 2928 689 2974 sese
709 2897 932 2984 meminisse,
947 2922 1041 2995 quus
1057 2894 1189 2964 deinde

113 3011 252 3099 clades,
269 3037 360 3108 qnos
378 3011 493 3085 luetns
512 3011 723 3084 incidisse2!
745 3017 833 3083 Visa
853 3026 972 3082 castra
989 3008 1146 3077 hostium
1167 3030 1188 3074 a

114 3127 227 3194 mnn‘s
248 3123 376 3193 Urbis:
401 3149 486 3221 quae
507 3141 596 3196 vota
620 3124 845 3221 singulorum
871 3126 1189 3214 uniuersorumque

150 3335 175 3384 3.
191 3335 235 3382 Ex
251 3334 349 3385 diutina
362 3334 515 3398 possessione
531 3335 629 3393 nstin,-
674 3333 723 3382 sed
735 3349 779 3382 our
791 3333 825 3380 ita
836 3332 957 3396 repando
967 3328 1101 3392 adjicitur?
1114 3329 1187 3378 Conf.

113 3413 292 3477 eonf.eap.28
306 3431 344 3477 pr.
674 3412 791 3462 Schellori
815 3415 873 3462 Iex.
898 3412 941 3460 let.
965 3438 998 3450 -
1020 3408 1189 3464 conferendus

149 3491 627 3549 cn.xxs.1.nnennmeseaun,
674 3507 773 3556 quoqne
795 3491 940 3540 Gronovius
962 3491 994 3540 de
1018 3493 1108 3538 Pecun.
1132 3491 1188 3536 Ver.
1210 3505 1212 3508 ·

111 3569 280 3636 octingentnm
293 3572 380 3635 pondo
400 3572 498 3638 argenti
517 3571 629 3636 plerique
673 3570 718 3628 lils.
733 3574 761 3629 1·,
775 3587 830 3635 cap.
843 3587 866 3632 7.
886 3573 1010 3622 Ceterum
1030 3585 1062 3625 ex
1081 3567 1188 3618 Creveni

111 3650 371 3700 messeanam
391 3651 570 3715 Moguntinos,
586 3652 629 3712 qni
671 3651 826 3710 rationibus,
845 3651 897 3698 250
918 3650 988 3699 librae
1008 3663 1115 3698 romanas
1137 3647 1190 3696 effi-

112 3730 221 3778 dneenta
231 3740 256 3778 et
269 3729 395 3794 octoginta
406 3745 544 3795 reposuere.
555 3729 628 3780 Cont‘.
674 3729 744 3776 ciunt
754 3745 847 3776 marens
857 3739 980 3778 nostrates
992 3730 1042 3790 39⁰
1054 3743 1111 3776 eum
1120 3726 1190 3789 quin-

111 3810 483 3869 xxl1,37,n.1;xxv111‚
501 3809 544 3867 45,
560 3824 586 3856 ιι.
598 3809 628 3868 53
673 3823 721 3870 que
742 3809 845 3857 unciis:
867 3808 1017 3872 octingenta
1037 3822 1097 3854 vero
1118 3806 1188 3853 librae

111 3889 198 3948 xm,
208 3888 238 3947 67
256 3887 347 3951 quibus
361 3887 464 3952 aliisque
474 3888 537 3936 loeis
549 3888 628 3936 Gron.
674 3903 736 3936 ronr-
747 3904 840 3954 mareas
856 3888 932 3936 1250.
948 3889 994 3935 En.

111 3967 144 4015 de
155 3969 213 4016 Pec.
226 3969 285 4020 Vct.
297 3969 323 4025 1,
344 3985 368 4028 7,
386 3968 414 4018 τὸ
427 3967 514 4032 pondo
532 3983 629 4031 semper
709 3983 734 4014 a.
743 3969 808 4030 Quos
821 3969 899 4016 luctus
912 3966 1038 4022 incidisse,
1052 3964 1136 4013 fnisse.
1149 3964 1187 4013 cf.

109 4046 243 4096 contendit
255 4061 307 4094 esse
318 4047 454 4096 ablativum
465 4047 625 4111 singularem,
671 4046 702 4093 ad
714 4049 738 4105 1,
753 4047 800 4106 46,
813 4063 839 4095 n.
852 4064 875 4108 7.
885 4047 968 4094 Verba
977 4061 1028 4092 sese
1037 4043 1185 4098 meminisse,

108 4135 135 4176 et
144 4126 223 4174 intell.
230 4125 349 4174 librarum
352 4126 453 4191 pondus
462 4143 505 4174 seu
510 4126 626 4190 pondera
670 4137 698 4174 ut
709 4125 782 4188 plane
795 4127 889 4185 otiose,
907 4128 986 4174 Gron.
1000 4135 1025 4172 et
1040 4124 1112 4172 Creu.
1125 4123 1188 4170 reei-

110 4221 135 4253 v.
156 4222 178 4253 o.
198 4205 343 4262 diecentum,
368 4205 394 4254 h.
414 4222 435 4254 c.
455 4205 623 4256 ducentarum.
671 4205 751 4254 denda
761 4203 889 4270 putabant.
907 4205 955 4253 Sed
972 4204 1034 4252 hene
1049 4201 1090 4250 illa
1107 4203 1186 4250 senio-
