2888 4994
133 406 249 520 3ῑὲῐὲ331
301 435 315 478 ⁸
358 429 450 494 Lm.
478 428 598 496 xxx.
625 427 732 496 oar.
759 426 824 493 ιι.
847 427 891 494 v.
1117 447 1152 491 tt

108 545 177 641 ipse
200 544 243 615 ad
262 543 460 642 Syphacem
479 543 812 641 Hasdrubalemque
836 541 1021 642 profectus
1041 559 1157 632 esset,

108 655 240 752 eruptio
258 680 303 725 ex
320 654 411 727 urbe
426 668 462 725 et
478 655 635 754 impetus
648 656 686 726 in
704 669 819 726 castra
834 679 917 742 sua,
931 653 1056 727 relicta
1073 679 1156 726 cum

107 763 172 835 levi
189 765 369 862 praesidio,
384 763 499 836 fieret.

149 879 189 945 V.
214 875 276 945 His
302 875 510 972 praeparatis
538 874 785 970 advocatoque
806 870 994 966 consili01,
1015 869 1156 944 edicere

107 983 384 1080 exploratoribus
400 985 523 1080 jussis,
541 1007 622 1081 quae
640 996 825 1080 comperta
843 979 1032 1069 afferrent,
1050 981 1157 1068 Masi·

108 1092 288 1189 ausaque,
317 1093 374 1164 cui
396 1093 519 1164 omnia
539 1091 698 1165 hostium
716 1106 804 1164 nota
828 1106 948 1181 erant3
969 1105 1156 1190 postremo

107 1201 192 1298 ipse,
220 1202 310 1300 quid
326 1218 468 1300 pararet
494 1204 533 1274 in
554 1205 758 1301 proximam
780 1217 945 1290 noctem,
972 1202 1155 1300 proponit.

106 1310 265 1384 Tribunis
280 1313 405 1401 edicit,
420 1326 477 1401 ut,
492 1312 578 1400 ubi,
592 1313 762 1411 praetorio
776 1311 938 1396 dimisso,
952 1312 1053 1409 signa
1069 1335 1157 1382 con-

106 1423 295 1496 cinuissent
304 1433 333 1511 ²,
347 1422 528 1519 extemplo
543 1421 739 1494 educerent
756 1423 880 1494 castris
894 1421 1065 1518 legiones.
1085 1425 1157 1510 Ita,

103 1546 140 1602 ut
160 1534 416 1631 imperaverat,
435 1535 536 1630 signa
554 1531 622 1604 sub
641 1556 808 1603 occasum
830 1532 915 1602 solis
933 1529 1053 1602 efferri
1071 1545 1157 1602 sunt

105 1637 255 1736 coepta³z
273 1641 318 1713 ad
329 1643 481 1738 primam
499 1639 612 1712 ferme
627 1641 803 1738 vigiliam⁴
818 1665 946 1738 agmen
960 1640 1157 1738 explicave-

104 1763 198 1836 ruut;
213 1751 333 1822 media
351 1765 458 1823 nocte
471 1749 631 1848 (septem
647 1751 743 1822 enim
754 1750 865 1822 millia
883 1749 1020 1820 itineris
1033 1750 1157 1845 erant)
1264 1757 1267 1766 “

104 1859 240 1934 modico
259 1859 373 1957 gradu
394 1860 440 1932 ad
457 1875 570 1932 castra
590 1860 748 1932 hostium
764 1851 995 1958 perventum.
1018 1858 1074 1930 Ibi
1087 1859 1157 1938 sei-

103 1969 159 2065 pio
179 1985 318 2068 partem
335 1972 521 2068 copiarum
536 1971 645 2042 Laelio
661 1972 957 2066 Masinissamque
977 1993 1018 2040 ac
1032 1971 1157 2042 Numi-

104 2076 160 2148 das
177 2079 358 2164 attribuit3
385 2094 421 2152 et
445 2095 559 2152 castra
576 2081 748 2179 Syphacis
769 2080 956 2169 invadere,
981 2081 1157 2178 ignesque

103 2189 275 2284 conjicere
291 2189 406 2285 jubet.
429 2189 596 2288 Singulos
618 2191 748 2264 deiude
771 2191 983 2289 separatim,
1010 2189 1156 2262 Laelium
1252 2249 1254 2254 .

103 2322 138 2368 ac
151 2301 387 2389 Masinissam,
400 2300 567 2372 seductos
582 2300 801 2389 obtestatur,
816 2317 874 2388 ut,
889 2300 1067 2398 quantiam
1080 2323 1157 2369 noa

94 2413 330 2504 providentia
350 2411 508 2496 adimat,
534 2427 674 2484 tantiam
692 2409 876 2508 diligentia
903 2409 1076 2508 expleant
1092 2434 1156 2479 cu-

101 2543 220 2616 raque.
245 2523 292 2592 Sc
309 2520 580 2593 Hasdrubalem
593 2527 807 2622 punicoque
827 2538 946 2592 castra
972 2545 1156 2617 aggressu·

101 2652 200 2698 rum:
222 2645 393 2704 eceteram
413 2656 486 2700 non
504 2647 589 2702 ante
606 2647 824 2729 rapturum,
846 2657 958 2729 quam
982 2637 1100 2728 ignem
1118 2636 1156 2700 t‘n

100 2745 199 2834 regiis
219 2747 344 2812 castris
366 2748 617 2838 conspexisset.
649 2747 777 2840 Neque
799 2767 840 2813 ea
859 2767 918 2814 res
937 2756 1073 2824 morata
1092 2740 1158 2828 diu

23 2859 24 2862 ’
101 2863 149 2919 est
163 2877 170 2920 :
186 2875 272 2922 nam
292 2866 334 2922 ut
352 2854 525 2951 proximis
544 2849 656 2925 casis⁵
673 2853 824 2949 injectus
842 2853 936 2950 ignis
953 2851 1074 2938 haesit,
1095 2875 1157 2922 ex·

24 3109 25 3112 Ἴ
131 3057 188 3104 Car.
197 3059 231 3108 V.
244 3073 267 3107 1.
281 3058 408 3108 Advocato
417 3061 516 3110 consilio
522 3079 534 3119 ,·
547 3061 604 3110 vide
683 3059 961 3126 cAdprtmamfmne
970 3057 1156 3124 vigiliam(vid.

100 3132 129 3180 ad
140 3137 218 3197 VIII,
237 3138 268 3195 6,
284 3153 309 3186 ιι.
322 3139 346 3186 6.
369 3165 404 3176 -
421 3139 538 3196 Edicere,
558 3157 603 3188 ex·
647 3137 679 3186 ad
687 3142 749 3197 VII,
763 3139 808 3199 35,
821 3156 846 3187 ιι.
859 3139 902 3204 a),
914 3138 968 3208 ἄρτι
981 3139 1099 3208 ληγούσης
1112 3141 1156 3198 τῆς

100 3226 201 3274 ponere,
219 3216 301 3281 palam
316 3216 407 3276 Iacere,
426 3217 515 3266 dicere.
529 3219 603 3269 Confi
647 3215 745 3288 πρώτης
759 3223 880 3286 φυλακῆς,
899 3219 981 3266 inedia
998 3213 1081 3278 nocte,
1101 3217 1156 3288 napi

100 3291 128 3338 ad
137 3295 214 3354 XXI,
228 3297 275 3353 63,
291 3312 316 3342 ιι.
330 3311 352 3354 13
365 3297 441 3346 Gron.
452 3308 476 3344 et
485 3297 560 3348 Drak.
572 3297 603 3346 ad
648 3297 690 3353 τὴν
721 3297 804 3366 τρίτην
832 3299 937 3368 φυλακὴν
965 3296 1105 3368 λήγουσαν.
1123 3337 1152 3349 ..

99 3368 121 3417 h.
133 3371 150 3420 l.
163 3372 233 3422 Cort.
246 3373 279 3422 ad
290 3374 347 3422 Sall.
360 3376 390 3422 B.
405 3375 433 3423 C.
448 3377 493 3434 48,
507 3387 532 3424 et
544 3377 602 3426 Em.
646 3386 736 3439 septem
759 3375 824 3424 enim
845 3377 922 3426 millia
942 3376 1012 3444 (vide
1032 3393 1105 3442 supra
1125 3378 1156 3426 ad

100 3447 162 3498 Clau.
172 3451 224 3501 Cic.
646 3454 690 3505 lib.
701 3456 754 3514 11,
767 3471 821 3519 cap.
834 3465 880 3514 24,
888 3474 913 3504 n.
924 3454 950 3522 a)
963 3457 1056 3505 itineris
1068 3468 1152 3514 erant,

131 3544 153 3576 a.
161 3530 273 3579 Tribunis
280 3530 365 3590 edicit,
377 3543 415 3588 uc,
425 3532 478 3590 ubi,
484 3534 603 3596 proeton'o
646 3531 701 3604 περὶ
713 3532 829 3596 ἑξήκοντα
842 3530 972 3600 σταδίους,
986 3539 1073 3604 Polyb.
1081 3540 1155 3596 XIV,

99 3605 192 3657 dimisso
215 3609 294 3676 (virle
309 3611 340 3658 ad
357 3611 433 3670 XXI,
450 3612 534 3671 54,ιι.
552 3611 601 3679 3),
648 3616 733 3678 4,qui
744 3626 768 3662 et
779 3617 844 3663 conf.
858 3615 889 3664 ad
901 3632 968 3680 seqq.
978 3617 1059 3662 Tertia
1072 3613 1154 3678 vigilia

97 3683 164 3750 sr'gna
173 3688 352 3736 concinuissent
364 3687 431 3754 (vide
441 3689 472 3737 ad
482 3693 543 3751 VII,
557 3700 602 3750 Io,
646 3693 740 3756 signum
750 3694 808 3742 tuba
817 3694 901 3742 datum
910 3693 971 3742 dicit
977 3693 1083 3758 Appiam
1094 3695 1156 3740 Pon.

99 3779 122 3815 ιι.
132 3764 176 3830 t),
194 3768 331 3832 extemplo,
349 3779 396 3817 etc.
415 3770 482 3818 conf.
499 3771 531 3818 ad
543 3773 601 3819 Tuo.
646 3787 689 3820 ιι.
701 3799 737 3808 -
752 3771 849 3820 Modico
863 3771 944 3838 gradu
949 3790 961 3830 5
972 3771 1028 3820 vide
1041 3770 1073 3818 ad
1083 3773 1157 3832 VIII,

99 3842 160 3894 ann.
173 3847 232 3904 XV,
246 3846 292 3903 3ο,
306 3862 332 3895 n.
346 3848 375 3904 33
388 3847 476 3912 Polyb.
487 3851 558 3909 XIV,
575 3851 603 3910 33
648 3851 676 3910 8,
692 3861 745 3898 not.
761 3849 785 3897 6.

99 3920 159 3986 Lips.
184 3925 240 3972 Mil.
268 3927 339 3974 Rom.
353 3927 387 3984 V,
410 3942 443 3986 ²3
471 3927 550 3980 Sobel.
571 3927 603 3977 ad
683 3928 706 3976 5.
720 3926 844 3976 Proximis
857 3928 927 3986 casis,
938 3927 1089 3992 mapalibus,
1102 3938 1155 3977 ten·

99 3999 182 4064 Polyb.
195 4019 250 4068 cap.
263 4020 288 4051 a.
646 4007 717 4054 toriis
734 4006 903 4056 Numidarum.
924 4007 997 4054 Conf.
1018 4005 1049 4055 ad
1066 4007 1154 4064 XXV,

133 4080 155 4128 3.
170 4081 263 4147 Effirri
279 4095 335 4131 sunt
350 4095 430 4148 carpta
448 4085 531 4150 signat
547 4086 604 4136 vide
648 4087 697 4147 392
714 4102 738 4140 n·
749 4101 778 4144 ²3
795 4087 898 4144 XXIX,
918 4087 965 4144 31,
985 4102 1010 4133 n.
1023 4086 1052 4146 3,
1070 4096 1094 4133 et
1110 4083 1153 4134 Sil.

101 4155 128 4208 td
141 4160 224 4218 XXV,
238 4168 280 4221 ιι,
293 4179 318 4210 ιι.
329 4178 352 4210 ιι.
647 4164 734 4223 XVII,
744 4166 785 4212 88.
795 4162 916 4212 Proximis
921 4163 995 4224 casis,
1005 4173 1032 4212 ut
1036 4160 1156 4228 proxima
