2888 4994
133 449 257 562 ὓῑξςςῑζς
370 467 532 538 ,aaran
567 467 687 534 xxx.
715 465 821 533 cae.
849 465 893 532 x.
1131 488 1170 534 αι

108 591 225 661 stratis
239 587 340 659 Poeni
353 612 444 659 vana
459 587 632 684 pleraque
650 584 794 682 (utpote
811 587 945 683 supino
957 586 1094 681 janua)
1107 585 1177 656 tela

108 702 145 770 in
164 700 390 798 superiorem
411 697 534 769 locum
553 695 770 768 mittebant:
793 697 935 794 gravior
952 720 995 766 ac
1014 695 1177 792 pondere

108 812 185 907 ipso
206 808 371 879 libratior
390 831 547 905 superne
569 832 614 878 ex
634 807 809 878 onerariis
826 807 918 878 ictus
935 820 1020 878 erat.
1042 809 1176 904 Specu-

107 918 241 1006 latoriae
259 941 370 988 naves
389 941 430 988 ac
450 917 542 988 levia
560 918 638 1014 ipsa
654 917 809 1013 navigia,
824 941 906 1013 quae
926 915 995 988 sub
1015 931 1176 988 constra-

107 1024 173 1100 tis8
194 1028 363 1125 pontium
383 1051 448 1124 per
464 1025 653 1098 intervalla
669 1026 929 1114 excurrebant,
953 1027 1073 1124 primo
1092 1027 1176 1128 [ipso

107 1152 247 1208 tantum
268 1137 410 1234 impetu
438 1161 479 1208 ac
503 1136 753 1234 magnitudine
778 1149 1014 1208 rostratarum
1042 1136 1176 1210 obrue-

107 1247 266 1319 bantur:
291 1246 424 1318 deinde
444 1262 480 1319 et
500 1245 834 1345 propugnatoribus
861 1271 1011 1344 quoque
1036 1249 1176 1318 incom-

107 1357 224 1429 modae
251 1371 369 1445 erant,
390 1356 491 1453 quod
512 1358 700 1455 permixtae
726 1382 811 1430 cum
838 1358 1000 1429 hostium
1025 1355 1178 1429 navibus

107 1453 273 1539 inbibere
295 1491 388 1564 saepe
403 1467 476 1539 tela
489 1465 691 1566 cogebant,
709 1482 827 1554 metu,
847 1493 894 1538 ne
915 1466 1087 1564 ambiguo
1100 1467 1177 1538 ictu

107 1581 178 1651 suis
193 1578 397 1650 inciderent
413 1605 421 1647 ε
436 1592 624 1675 postremo
638 1602 773 1650 asseres
791 1575 909 1650 ferreo
922 1602 1019 1648 unco
1038 1574 1177 1674 praefixi

108 1685 381 1784 (harpagones9
399 1685 553 1782 vocant)
584 1711 628 1757 ex
647 1688 791 1784 punicis
818 1686 972 1759 navibus
1000 1687 1101 1782 injici
1136 1687 1175 1756 in

106 1820 274 1869 romanas
286 1797 407 1895 coepti.
417 1797 519 1886 Quos
535 1821 651 1893 quum
670 1823 793 1894 neque
806 1799 922 1896 ipsos,
942 1821 1064 1895 neque
1079 1811 1177 1868 cate-

105 1932 186 1995 nas,
204 1906 339 2006 quibus
359 1909 526 2006 suspensi
540 1907 810 2002 injiciebantur,
828 1909 988 1980 incidere
1008 1921 1176 2006 possent;
1202 1950 1205 1956 -

104 2033 146 2088 ut
158 2041 313 2115 quaeque
329 2032 427 2089 retro
436 2016 589 2088 inhibita
600 2032 754 2089 rostrata
764 2021 964 2090 onerariam
980 2019 1177 2090 haerentem

70 2211 75 2224 .
104 2153 203 2200 unco
235 2127 410 2214 traheret,
445 2127 561 2198 scindi
585 2126 725 2199 videres
754 2128 917 2217 vincula,
948 2127 1083 2225 quibus
1110 2127 1179 2199 alia

105 2239 181 2309 aliis
196 2239 329 2310 innexa
345 2253 439 2325 erat,
452 2238 581 2308 seriem
600 2237 706 2308 aliam
725 2238 831 2310 simul
850 2239 1011 2336 plurium
1029 2221 1177 2310 navium

104 2348 207 2420 trahi.
226 2355 305 2420 Hoc
319 2349 474 2419 maxime
488 2346 600 2418 modo
618 2347 763 2419 lacerati
780 2349 928 2446 quidem
945 2373 1073 2420 omnes
1087 2374 1177 2447 pon·

103 2474 177 2548 tes,
192 2473 228 2529 et
245 2460 305 2528 vix
327 2456 553 2529 transiliendi
568 2457 607 2526 in
625 2457 827 2529 secundum
847 2458 1014 2531 ordinem
1031 2461 1179 2530 navium

104 2571 263 2670 spatium
280 2566 617 2666 propugnatoribus
636 2566 762 2639 datum
780 2583 844 2646 est.
866 2573 937 2642 Sex
954 2569 1068 2641 ferme
1089 2594 1178 2641 one-

103 2681 207 2751 rariae
226 2677 415 2778 puppibus
443 2677 629 2749 abstractae
652 2679 909 2778 Carthaginem
930 2696 1040 2752 sunt:
1065 2680 1182 2775 major

104 2813 215 2889 quam
238 2816 305 2889 pro
326 2815 365 2862 re
386 2790 561 2876 lantiam,
580 2787 645 2860 sed
666 2815 710 2861 eo
726 2793 879 2888 gratior,
894 2792 996 2889 quod
1015 2793 1109 2863 inter
1128 2817 1180 2862 as·
1352 2821 1354 2831 v

140 2977 166 3021 7.
189 2958 377 3024 Utpotesupino
385 2957 475 3025 J‘czctu,
498 2968 527 3005 ut
544 2957 624 3006 solent
665 2948 817 3024 gnatoribusl
826 2977 923 3026 quoque
939 2960 1111 3017 incommodae,
1130 2970 1177 3009 etc.

103 3057 155 3088 esse
175 3041 238 3100 tela,
257 3055 312 3104 quae
328 3054 425 3086 sursum
436 3037 570 3099 jaciuntur.
588 3063 624 3074 -
667 3040 716 3086 Sub
737 3040 867 3088 constratis
877 3041 1006 3106 pontium,
1022 3040 1069 3088 sub
1083 3055 1105 3088 c.
1118 3055 1179 3103 pou·

105 3121 213 3170 Gravior
225 3136 258 3167 aa
265 3119 377 3184 pondere
391 3117 444 3181 ipso
459 3116 573 3165 libratior
584 3132 624 3162 su·
668 3119 742 3167 tibus.
762 3121 834 3170 Conl.
849 3121 881 3169 ad
894 3123 945 3177 IX,
959 3121 990 3178 3,
1004 3137 1031 3168 n.
1046 3135 1072 3179 1;
1085 3120 1178 3178 XXII,

16 3187 17 3200 ¹
100 3217 180 3265 perne
198 3200 280 3256 ictus,·
298 3198 356 3246 vide
371 3198 404 3245 ad
416 3199 479 3255 VII,
493 3197 582 3253 adm.
597 3202 621 3250 t·
669 3199 713 3259 30,
727 3211 840 3258 n.a,et
855 3200 929 3251 Cerd.
944 3199 977 3246 ad
994 3199 1064 3263 VIrg.
1082 3201 1179 3259 mal,

102 3280 265 3328 contrariam
279 3278 361 3326 dicere
377 3276 476 3324 videtur
492 3275 557 3324 Gell.
570 3277 620 3332 IX,
667 3284 726 3332 aaa.
739 3305 774 3315 -
786 3279 869 3326 Primo
885 3280 937 3344 ipso
957 3289 1053 3326 tautum
1071 3278 1176 3343 impetu,

105 3377 133 3419 1,
151 3375 208 3424 quae
227 3358 341 3422 Magus,
355 3356 430 3405 Miro.
442 3357 484 3415 11,
501 3356 546 3415 ιδ,
564 3369 622 3402 con·
664 3357 771 3421 primum
781 3359 835 3407 solo
844 3369 863 3408 t.
873 3359 934 3423 imp.
946 3358 1029 3406 Primo
1039 3358 1098 3422 iasa
1109 3369 1179 3408 tanto

101 3440 186 3488 cillere
200 3449 320 3497 conatur3
334 3435 403 3484 nuk.
665 3435 756 3500 impetu
766 3439 822 3486 Put.
834 3449 859 3487 et
873 3437 939 3486 Flor.
952 3437 1032 3501 prob„
1040 3437 1137 3486 Crever.
1146 3437 1178 3486 'ut

137 3501 163 3568 8⁴.
181 3515 357 3582 Speculatoria¹
376 3513 537 3562 nares...sub
558 3527 616 3561 con·
661 3515 1179 3582 ipsoeoppouanturpropugnatoribus‚qui

99 3598 186 3646 stratis
192 3616 204 3656 ;
214 3596 272 3644 vide
286 3596 318 3643 ad
331 3597 423 3654 XXII,
436 3610 483 3658 19,
497 3609 522 3642 u.
538 3600 562 3648 4.
581 3619 617 3629 -
660 3595 688 3642 in
697 3595 801 3644 navibus
813 3597 930 3644 onerariis
942 3607 1018 3644 erant.
1027 3595 1111 3646 Primo
1123 3595 1178 3660 ipso

98 3681 139 3724 Ac
153 3676 220 3726 levia
232 3677 286 3740 ipsa
299 3673 413 3740 navigia,
432 3689 484 3721 vox
499 3673 554 3738 ipsa
567 3672 615 3720 del.
649 3667 760 3724 'adacta
773 3675 790 3723 i.
800 3676 867 3736 conj.
877 3677 955 3726 Grou.

97 3756 236 3804 ridebatur
248 3756 345 3804 Crever.
363 3753 448 3801 Potius
467 3768 553 3800 omnes
567 3751 616 3800 illae
696 3771 722 3818 9.
733 3757 832 3804 Asserer
832 3754 919 3819 ferreo
929 3771 991 3802 unco
996 3753 1111 3822 praefixi,
1121 3753 1178 3802 har-

98 3847 209 3898 quatuor
235 3848 322 3891 voces3
346 3833 421 3880 Doer.
443 3831 618 3897 Speculatorioe
655 3833 1175 3898 pagones5videadXXIV,34‚u.6.-*

97 3930 189 3970 naves,
214 3912 277 3960 levia
300 3913 359 3976 ipsoe
381 3909 497 3975 navigia,
518 3911 616 3960 emend.
661 3915 733 3960 Retro
752 3911 870 3970 inhibitas
886 3913 943 3962 vida
958 3914 990 3960 ad
1006 3914 1108 3970 XXVI,
1126 3915 1174 3975 39,

97 3992 195 4040 Duker.
211 3991 268 4056 quia
281 3990 364 4038 Livius
378 4005 430 4038 non
445 3988 476 4036 de
489 3990 542 4038 aliis
554 3991 616 4038 levi·
660 4009 686 4040 n.
698 3994 723 4040 8.
739 4019 774 4028 -
786 3992 877 4039 Seriem
886 3993 964 4040 aliam
970 4027 978 4049 ,
994 3991 1120 4054 reliquam.
1134 3994 1175 4040 Se·

97 4063 153 4120 bus¹
161 4072 283 4135 navigiis,
302 4069 416 4134 quamde
430 4070 615 4134 speculatoriis,
660 4071 768 4134 riemque
780 4070 880 4133 quidam
898 4073 961 4120 MSS
978 4084 1002 4118 at
1020 4070 1076 4120 edd.
1091 4073 1176 4135 Asyu·

98 4163 123 4200 et
140 4152 218 4216 paulo
235 4161 292 4198 ante
310 4149 429 4212 loquutus
447 4150 491 4207 sit,
507 4161 533 4197 et
549 4167 616 4198 nunc
661 4150 737 4199 daton
750 4150 868 4214 probabat
882 4151 959 4198 Gron.

98 4231 225 4296 loquatur,
234 4227 303 4294 quod
313 4239 395 4294 pateat
409 4243 439 4280 ex
453 4245 618 4295 wqqproprn
700 4246 738 4280 ιο.
761 4229 856 4300 Μα]“ονΙ
867 4245 944 4292 quam
956 4247 1005 4299 pro
1027 4247 1053 4278 rc
1072 4229 1175 4288 latitia,-
