2888 4994
262 464 304 510 10
684 439 723 504 r.
748 437 887 506 ιιιιι
1101 457 1107 492 .·
1170 412 1291 528 ξιξ-,ξιξ

257 560 358 646 inde,
381 583 444 628 seu
467 563 537 655 ipsi
558 572 670 628 staret
678 557 764 651 jam
780 560 974 642 sententia,
997 579 1061 625 seu
1078 554 1317 626 consulendus

255 665 472 740 Hasdrubal
480 683 517 738 et
532 667 843 762 Carthaginienses
857 681 988 752 essent,
997 663 1205 736 consuleret.
1216 670 1318 736 Tem·
1371 749 1374 756 ¹

247 801 420 876 pausasse,
440 793 643 874 nutpncem
659 781 842 874 componi,
855 791 922 846 aut
933 773 1066 846 bellum
1080 779 1219 844 naviter
1224 780 1314 869 geri.

255 893 352 959 Dum
365 887 567 958 consulitur
579 885 779 958 Hasdrubal
792 885 839 956 ab
853 883 1030 986 Syphace,
1039 881 1085 954 ab
1095 881 1317 956 Hasdrubale

255 997 580 1095 Carthaginiensem
594 1012 630 1068 et
643 996 886 1093 speculatores
903 994 1023 1065 omnia
1036 990 1193 1079 visendi,
1204 1006 1240 1063 et
1248 993 1334 1084 sa„

255 1108 317 1203 pio
336 1106 381 1176 ad
403 1104 644 1202 comparanda
667 1131 726 1194 ea,
745 1129 825 1203 quae
846 1106 884 1174 in
909 1127 987 1176 rem
1010 1105 1151 1191 erantl,
1173 1116 1318 1200 tempus

256 1214 394 1287 habuit.
404 1220 448 1286 Et
462 1239 504 1294 ex
520 1217 705 1286 mentione
719 1239 760 1286 ac
772 1239 835 1313 spe
849 1215 944 1314 pacis
957 1213 1189 1310 negligentia,
1206 1211 1317 1299 utlit,

255 1323 352 1423 apud
369 1329 500 1398 Poenos
515 1325 781 1423 Numidamque
796 1338 875 1396 orta
893 1322 1063 1411 cavendi,
1079 1347 1124 1394 ne
1143 1321 1232 1418 quid
1246 1321 1318 1393 ho-

254 1435 333 1508 stile
348 1437 491 1508 interim
506 1450 726 1533 paterentur.
744 1435 902 1508 Tandem
916 1435 1070 1532 relatum
1083 1457 1318 1530 responsum,

255 1543 471 1641 quibusdam
489 1546 592 1642 (quia
609 1547 715 1618 nimis
730 1570 862 1644 cupere
881 1551 1065 1616 Romanus
1080 1568 1205 1642 pacem
1221 1543 1317 1616 vide·

254 1653 380 1750 batur)
401 1656 534 1752 iniquis
555 1680 621 1753 per
647 1658 871 1728 occasionem
900 1655 1069 1753 adjectis:
1090 1679 1169 1752 quae
1188 1677 1318 1752 perop-

254 1780 412 1862 portune
437 1767 599 1864 cupienti
630 1767 757 1838 tollere
790 1767 952 1838 inducias
981 1765 1141 1862 Scipioni
1174 1787 1318 1834 causam

254 1874 461 1971 praebuere3
483 1901 524 1948 ac
550 1877 681 1948 nuntio
705 1877 816 1973 regis,
844 1899 960 1973 quum
986 1875 1185 1946 relaturum
1208 1897 1245 1944 se
1271 1871 1319 1942 ad

256 1981 471 2054 consilium⁵
488 1984 654 2075 dixisset,
680 2000 828 2082 postero
855 1987 914 2058 die
942 1982 1149 2082 respondit,
1174 1987 1220 2053 Se
1244 2007 1319 2051 uno

251 2093 389 2176 frustra
407 2095 586 2182 tendente,
609 2095 701 2166 nulli
718 2094 785 2166 ulii
799 2121 935 2193 pacem
948 2095 1144 2193 placuisse.
1170 2099 1319 2163 Renun-

255 2207 363 2274 tiaret
380 2207 495 2298 igitur,
515 2202 655 2274 nullam
675 2204 788 2276 aliam
805 2231 906 2303 prem
915 2210 1044 2302 pacis,
1060 2228 1174 2300 quarn
1189 2201 1319 2274 reluta

260 2313 631 2408 Carthaginiensibus,
665 2316 824 2412 Syphaci
846 2341 929 2388 cum
954 2320 1127 2402 Romanis
1150 2337 1234 2384 esse.
1263 2317 1320 2382 Ita

203 2455 204 2458 ¹
255 2421 351 2492 tollit
370 2421 551 2512 inducias,
571 2439 612 2494 ut
638 2424 751 2497 libera
777 2424 849 2499 fide
875 2426 1019 2522 incepta
1042 2436 1318 2521 exsequeretur3

256 2532 493 2630 deductisque
514 2532 690 2607 navibus6
705 2537 852 2634 (etjam
870 2536 971 2610 veris.
984 2535 1202 2633 principium
1220 2529 1320 2624 erat)

256 2643 438 2716 machinas
454 2661 724 2743 tormentaque,
743 2645 842 2718 velut
857 2671 877 2716 a
895 2643 985 2717 mari
1003 2666 1230 2741 aggressurus
1243 2641 1321 2711 Uti-

256 2776 350 2841 cam,
373 2755 543 2853 imponit,
571 2770 607 2828 et
625 2756 700 2828 duo
719 2756 831 2826 millia
847 2755 1002 2825 militum
1018 2751 1064 2823 ad
1082 2751 1320 2850 capiendum,

256 2886 366 2958 quem
385 2879 490 2936 antea
504 2878 691 2956 tenuerat,
710 2865 892 2938 tumulum
912 2889 1021 2963 super
1032 2863 1174 2934 Uticam
1189 2862 1321 2949 mittit;

255 2972 363 3042 simul
381 2988 422 3043 ut
444 2973 489 3045 ab
508 3000 569 3063 eo,
589 2975 690 3072 quod
709 2974 879 3074 parabat,
896 2976 935 3045 in
955 2975 1102 3046 alterius
1122 2974 1175 3044 rei
1193 2997 1338 3043 curam

164 3177 168 3182 Δ
256 3095 482 3154 converteret
510 3085 670 3158 hostium
701 3086 859 3173 animos,
880 3085 986 3157 simul
1010 3109 1058 3156 ne
1087 3109 1179 3183 qua,
1203 3107 1320 3181 quum

253 3314 331 3350 staret
337 3306 472 3364 sententia,·
481 3306 537 3356 vide
546 3307 578 3356 ad
588 3309 633 3366 IV,
648 3309 678 3355 13
686 3341 693 3366 ,
702 3324 727 3354 ιι.
739 3309 763 3356 6.
808 3335 843 3344 -
851 3304 1022 3374 Se(Scip10ne)
1032 3307 1184 3373 unofiusera
1194 3305 1318 3362 tendente,

255 3383 469 3447 -Supplendum
478 3398 560 3434 censet
567 3387 708 3436 Creverius:
723 3387 778 3434 da»
808 3403 843 3436 se.
862 3398 890 3435 ut
907 3403 958 3452 pax
977 3397 1173 3451 componeretur.
1196 3385 1269 3434 Conl.
1287 3385 1322 3430 ad

256 3471 293 3508 ret
305 3462 386 3510 statim
400 3479 559 3530 responsum,
570 3466 611 3514 vel
625 3465 692 3516 aliud
705 3466 764 3530 quId
809 3468 853 3523 tv,
870 3481 895 3526 7,
907 3482 934 3514 ιι.
943 3466 969 3514 6.
981 3491 1016 3504 -
1029 3465 1099 3513 Nulli
1110 3465 1169 3521 alii,
1183 3479 1217 3511 sc.
1228 3464 1322 3526 legato·

256 3541 350 3590 simile:
366 3544 467 3592 verbum
485 3544 550 3592 enim
570 3545 706 3592 consuleret
723 3544 765 3592 hie
809 3561 863 3592 rum
872 3541 1322 3607 aliorumqmquiineonsilioafsuis-

255 3619 337 3668 locum
347 3637 399 3669 ιιοιι
409 3623 546 3672 habet.En.
785 3633 788 3640 ·
809 3634 871 3672 sent.
892 3649 927 3658 —
948 3621 1038 3670 Libera
1048 3621 1120 3688 fide,
1143 3637 1170 3670 ee
1189 3619 1322 3678 liberatae,

191 3711 193 3716 '
293 3706 317 3754 t.
333 3702 392 3763 Qua
405 3701 430 3748 in
447 3718 498 3749 rem
512 3713 598 3759 crant,·
619 3701 674 3749 vide
690 3701 720 3748 ad
739 3704 765 3760 1,
808 3701 910 3751 solutus.
923 3701 996 3750 Coat‘.
1005 3701 1093 3765 Polyb.
1102 3702 1173 3758 XIV,
1184 3715 1198 3746 a
1209 3710 1271 3748 extr.

258 3793 300 3840 27,
308 3795 333 3826 n.
348 3780 371 3827 5.
381 3805 417 3816 -—·
427 3779 522 3842 Iniquis
531 3779 716 3830 conditionibus
718 3794 767 3844 per
844 3780 869 3829 6.
881 3778 1045 3844 Deductisque
1055 3779 1156 3828 nauibus
1169 3779 1235 3842 (vid.
1242 3779 1323 3836 VIII,

256 3857 408 3904 oeemionem
421 3857 538 3923 aelj'ecns,
551 3859 584 3907 ob
598 3859 679 3924 pacis,
692 3875 765 3922 qaam
810 3862 856 3917 26,
869 3876 895 3906 n.
907 3856 947 3922 1),
959 3870 1006 3906 etc.
1018 3859 1056 3908 Cf.
1068 3857 1156 3921 Polyb.
1170 3859 1242 3916 XIV,
1255 3873 1322 3920 apr.

255 3936 338 4000 Scipio
351 3952 402 4000 pete
420 3952 446 3985 se
464 3937 569 3996 ferebat,
591 3938 763 4002 cupIditatem3
808 3937 1225 4001 -Adanumutamnperueicam
1232 3935 1323 3992 mittit,-

256 4015 373 4078 Doering.
809 4018 867 4066 vide
878 4017 910 4065 ad
922 4019 1028 4074 XXIX,
1044 4017 1086 4074 35,
1102 4033 1128 4064 ιι.
1139 4017 1169 4076 6,
1181 4027 1207 4064 et
1215 4017 1321 4072 XXXI,

291 4095 315 4142 5.
329 4094 469 4142 Relatumm
479 4111 505 4141 se
517 4095 765 4154 adconsiliurnfvide
811 4104 853 4158 47,
862 4113 886 4144 n.
898 4097 922 4144 3.
934 4097 979 4148 Τὸν
995 4095 1054 4163 ὑπὲρ
1068 4093 1110 4150 τὴν
1126 4097 1194 4148 πολιν
1210 4093 1322 4162 teipsum

256 4171 367 4231 adVIII,
386 4175 415 4232 6,
428 4190 453 4222 ιι.
464 4174 493 4234 6,
508 4186 532 4222 et
544 4176 645 4233 XXVI,
659 4191 687 4232 ι,
702 4192 727 4224 ιι.
741 4177 764 4224 3.
807 4175 894 4243 λόφοι,
908 4176 994 4243 Polyb.
1009 4180 1083 4238 XIV,
1097 4193 1121 4225 ι.
