2888 4994
271 415 318 500 46
699 417 737 482 Τ.
771 415 911 482 Livu
1197 397 1311 512 stes:
1416 509 1418 516 s

271 555 338 621 set,
353 561 429 633 qna
449 551 568 638 mente
587 559 634 606 ea
646 551 948 632 perpeteretur,
970 559 1084 632 quam
1104 543 1151 625 is,
1172 545 1240 634 qni
1257 555 1334 610 ante
1415 519 1417 534 ¹

265 664 395 745 portas
407 645 635 740 Carthaginis
650 645 782 715 bellum
789 662 931 742 gereret
935 673 948 732 ,·
961 645 1097 716 nullius
1105 647 1251 719 alterius
1261 675 1333 720 con·

271 759 367 845 silio,
383 782 496 854 qaam
508 759 704 853 Scipionis,
719 756 971 853 accipiendam
986 755 1262 830 abnuendamve
1271 787 1334 856 pa·
1419 747 1420 761 ¹

272 893 349 940 cem
368 893 453 938 esse.
472 873 522 938 M.
530 867 695 938 Valerius
710 868 897 953 Laevinus,
912 865 1047 962 quibis
1066 869 1194 939 consul
1208 867 1332 956 fuerat,

272 978 535 1077 Speculatores,
558 1001 632 1048 non
651 976 807 1073 legatos,
825 981 984 1063 venisse,
1005 977 1193 1073 arguebat,
1203 979 1334 1073 jaben-

273 1091 410 1186 closque
426 1088 536 1158 Italia
554 1088 728 1158 excedere
737 1083 763 1173 ³,
780 1103 819 1156 et
826 1087 991 1158 custodes
1007 1111 1090 1159 curn
1105 1093 1148 1172 iis
1165 1115 1279 1186 usqne
1289 1089 1337 1158 ad

273 1226 382 1271 nares
403 1199 615 1284 mittendos,
629 1202 860 1296 Scipionique
879 1197 1128 1286 scribendum,
1143 1225 1190 1270 ne
1209 1199 1335 1271 bellum

272 1315 472 1380 remitteret.
498 1307 628 1379 Laelius
646 1307 866 1403 Fulviusque
887 1306 1099 1402 adjecerunt
1113 1335 1123 1379 ε
1138 1314 1190 1380 Et
1204 1313 1335 1408 Scipio-

273 1447 356 1491 nem
370 1427 408 1489 in
426 1445 469 1490 eo
478 1425 644 1516 positam
660 1417 833 1488 babuisse
851 1443 952 1516 spem
961 1426 1087 1515 pacis,
1102 1427 1136 1490 si
1151 1419 1339 1492 Hannibal

273 1536 428 1625 etMago
437 1555 485 1599 esc
492 1527 603 1599 Italia
612 1553 686 1599 non
693 1545 955 1599 revocarentur.
970 1533 1105 1601 Omnia
1111 1531 1336 1604 simulatwos

277 1641 605 1736 Carthaginienses,
620 1640 729 1710 duces
742 1664 803 1710 eos
817 1644 1067 1736 exercitusque
1077 1658 1335 1738 exspectantes:

273 1750 418 1833 deinde,
434 1754 599 1846 quamvis
616 1753 833 1820 recentiam4
841 1749 1030 1840 foederum
1048 1767 1084 1820 et
1097 1752 1249 1824 deorum
1266 1777 1336 1823 om-

272 1867 374 1930 nium
403 1859 551 1947 oblitos,
577 1859 710 1928 bellum
724 1875 899 1955 gesturos.
930 1864 983 1930 Eo
1009 1861 1120 1957 magis
1145 1861 1184 1930 in
1209 1863 1337 1932 Laevini
1413 1876 1418 1911 ²

274 1969 490 2070 sententiam
511 1970 709 2040 discessum
718 1965 745 2038 ⁵.
765 1969 889 2065 Legati
906 1993 994 2066 pace
1015 1967 1148 2040 insecta
1168 1993 1210 2040 ac
1226 1994 1336 2068 prope
1417 2031 1419 2066 ,Ἴ

273 2084 352 2153 sine
372 2103 549 2177 responso
571 2077 717 2148 dimissi.
1418 2075 1419 2080 ’

316 2194 446 2262 XXIV.
463 2195 532 2261 Per
546 2213 608 2260 eos
629 2188 707 2260 dies
721 2193 788 2260 Cn.
805 2190 974 2262 Servilius
993 2190 1143 2279 consul,
1161 2190 1261 2263 haud
1277 2189 1338 2262 du·
1418 2265 1419 2280 χ

272 2303 375 2390 bius,
395 2301 486 2397 quin
505 2314 638 2397 pacatae
654 2301 762 2370 Italiae
782 2325 895 2397 penes
915 2327 953 2374 se
974 2301 1088 2398 gloria
1110 2317 1223 2391 esset,
1243 2303 1338 2374 velut

271 2413 420 2511 pulsum
443 2410 488 2481 ab
516 2435 554 2480 se
579 2408 821 2482 Hannibalem
845 2435 1083 2508 persequens,
1101 2413 1139 2482 in
1165 2413 1337 2499 Siciliam,
1416 2405 1419 2414 ’

274 2523 359 2594 inde
374 2523 413 2590 in
425 2518 582 2590 Africam
600 2522 835 2610 transiturus,
853 2522 1001 2617 trajecit.
1017 2520 1125 2611 Quod
1140 2522 1206 2593 ubi
1219 2528 1338 2593 Romu
1419 2607 1420 2612 ἵ

273 2633 458 2730 vulgatum
485 2645 554 2719 est,
575 2631 694 2728 primo
723 2646 945 2702 censuerunt
975 2635 1113 2722 PatreS,
1141 2648 1182 2704 ut
1209 2647 1339 2731 praetor
1420 2725 1422 2730 s

272 2741 446 2815 scriberet
460 2741 619 2829 consuli,
630 2755 796 2812 senatum
809 2767 954 2838 aequum
969 2767 1132 2831 censere,
1148 2744 1185 2812 in
1202 2744 1338 2814 Italiam
1420 2733 1421 2758 l

271 2855 404 2925 reverti
422 2877 529 2923 eum:
549 2852 698 2938 deinde,
718 2877 832 2950 quum
853 2869 1002 2950 praetor,
1024 2869 1232 2952 spreturum
1258 2877 1339 2926 eum

272 2966 393 3036 literas
421 2987 522 3050 suas,
551 2961 706 3050 diceret,
733 2963 887 3033 dictator
914 2962 1022 3033 adid
1049 2965 1168 3061 ipsum
1197 2980 1338 3035 creatus

271 3079 306 3144 P.
319 3073 517 3170 Sulpicius,
540 3095 608 3167 pro
621 3072 709 3166 ¹jure
736 3072 884 3168 majoris
904 3074 1069 3170 imperii,
1089 3073 1279 3146 consulem
1303 3075 1340 3143 in
1419 3142 1421 3156 ὲ

182 3229 184 3232 -
272 3185 410 3274 Italiam
424 3183 624 3270 revocavit,
638 3182 820 3280 reliquum
836 3185 940 3272 anni,
956 3209 1037 3254 curn
1051 3190 1098 3255 M.
1108 3187 1258 3258 Servilio
1272 3211 1341 3256 ma·
1419 3173 1422 3204 ³

271 3297 383 3392 gistro
414 3295 598 3391 equitum,
624 3294 890 3365 circumeundis
921 3294 1032 3366 Italiae
1059 3295 1230 3385 urbibus,
1261 3321 1340 3395 quae

269 3404 368 3475 bello
381 3402 541 3472 alienatae
555 3400 718 3492 fuerant,
733 3403 1001 3503 noscendisque
1016 3405 1241 3504 singularum
1256 3432 1341 3478 cau·
1420 3463 1422 3478 ⁴

271 3515 336 3586 sis¹
354 3501 591 3608 cbnsumpsit.
612 3505 678 3583 Per
696 3513 923 3586 induciarum
941 3529 1085 3612 tempus
1103 3530 1139 3588 et
1160 3543 1204 3588 ex
1223 3515 1341 3589 Sardi·

272 3698 344 3746 lerius
353 3695 475 3753 Larinas,
490 3695 533 3758 qui
542 3693 578 3742 bis
587 3694 697 3762 consuls
703 3713 714 3754 ,·
726 3695 784 3744 vide
864 3696 888 3744 5.
899 3698 930 3742 In
942 3695 1036 3744 Larini
1042 3696 1186 3745 sententiam
1195 3697 1325 3746 discessrrm
1331 3713 1341 3752 ,¹

272 3793 344 3842 supra
354 3775 385 3822 ad
395 3776 499 3834 XXIX,
512 3790 552 3832 11,
566 3775 625 3822 n.3.
828 3775 885 3824 vide
905 3786 988 3823 tamen
1006 3775 1038 3823 ed
1058 3776 1148 3824 IIbrum
1166 3779 1193 3836 1,
1215 3792 1270 3842 cup.
1292 3777 1340 3832 32,

306 3858 330 3906 3.
342 3854 513 3918 anendosque
521 3853 600 3902 Italia
610 3853 736 3912 excedere,
748 3871 782 3902 sc.
828 3866 882 3904 not.
894 3855 933 3902 13.

272 3935 395 3986 censebat.
863 3935 923 3985 css.
933 3936 1030 3984 XXIV.
1041 3949 1063 3984 1.
1074 3934 1257 4000 Noscendisque
1265 3934 1343 3999 singu·

268 4003 274 4016 ’
307 4023 332 4070 4.
344 4011 457 4076 Quamvis
466 4011 611 4068 recentium,
625 4013 735 4075 quamvis
748 4029 783 4061 re-
829 4014 909 4060 tarum
925 4013 1021 4070 cousin
1039 4014 1096 4061 vide
1115 4014 1147 4062 ad
1166 4015 1281 4072 XXVII,
1299 4013 1340 4071 25,

272 4094 351 4145 centia
375 4102 469 4146 essent,
491 4102 515 4139 et
538 4107 568 4138 eo
595 4090 676 4138 minus
699 4107 784 4140 eorum
829 4108 854 4140 n.
866 4092 993 4139 3.—Per
1001 4091 1156 4140 induciarum
1167 4091 1340 4156 tempus,·vide

272 4171 384 4222 oblivisci
398 4181 422 4218 ct
435 4181 536 4234 possent
549 4182 574 4218 et
587 4168 712 4218 deberent.
829 4171 861 4218 ad
874 4172 914 4230 11,
930 4171 975 4232 18,
986 4187 1012 4218 n.
1025 4187 1047 4222 1.
