2888 4994
251 410 293 480 16
371 443 373 448 -
668 415 707 479 r.
741 383 879 482 triu
1157 395 1279 506 agag:

244 531 344 604 sidiis
364 529 410 600 ad
430 531 587 627 speciem
605 529 720 602 modo
737 531 937 604 obsidionis
955 547 1051 604 terra
1068 534 1231 627 marique
1247 558 1306 603 re-

247 643 355 728 lictis,
373 643 450 739 ipse
469 665 550 712 cum
563 640 697 712 robore
715 643 894 714 exercitus
911 645 963 714 ire
975 641 1025 712 ad
1037 640 1160 714 hostes
1177 644 1304 741 pergit.

248 754 368 822 Primo
388 751 425 820 in
446 750 606 837 tumulo,
629 765 786 846 quatuor
813 749 925 824 ferme
949 751 1060 823 millia
1086 752 1239 824 distante
1261 751 1307 822 ab

247 861 513 956 castrisregiis,
532 861 720 933 consedit:
740 875 886 958 postero
906 861 964 932 die
983 885 1066 932 cum
1087 863 1251 958 equitatu
1268 863 1308 932 iu

248 977 398 1068 Magnos
416 971 486 1064 (ita
509 969 658 1065 vocant)
677 981 859 1068 campos¹,
879 968 1061 1066 subjectos
1088 971 1121 1040 ei
1145 969 1309 1055 tumulo,

249 1082 457 1178 degressus,
474 1079 700 1151 succedendo
717 1080 762 1150 ad
777 1081 948 1152 medones
963 1079 1122 1150 hostiurn
1135 1079 1313 1150 lacessen·

249 1189 373 1285 doque
394 1188 534 1269 levibus
559 1189 690 1285 praeliis
717 1188 813 1260 diem
840 1188 1055 1286 absumpsit'3
1075 1203 1111 1260 et
1131 1215 1198 1286 per
1217 1191 1312 1262 inse·

167 1339 171 1351 ·
252 1322 368 1395 quens
383 1295 555 1385 biduum,
577 1297 808 1380 tumultuosis
827 1297 911 1376 hinc
933 1312 1041 1393 atque
1064 1298 1162 1370 illinc
1180 1323 1311 1370 excur-

251 1405 414 1478 sionibus
432 1407 469 1475 in
486 1408 620 1494 vicem,
636 1405 726 1475 nihil
746 1407 846 1478 dictu
861 1407 945 1478 satis
961 1407 1111 1503 dignum
1127 1405 1311 1480 fecerunt:

251 1531 381 1613 quarto
401 1515 457 1586 die
481 1517 664 1612 utrimque
681 1517 723 1590 in
739 1517 853 1588 aciem
867 1514 1079 1588 descensum
1098 1532 1161 1588 est.
1180 1523 1314 1606 Roma-

253 1651 321 1698 nus
343 1626 525 1723 principes
548 1639 630 1722 post
653 1625 875 1698 hastatorum
895 1628 1016 1724 prima·
1030 1628 1152 1725 signa,
1171 1629 1209 1698 in
1228 1627 1314 1700 sub-

251 1735 505 1830 sidiistriarios
517 1736 719 1821 constituit;
733 1737 933 1832 equitatum
952 1737 1109 1808 italicum
1124 1737 1170 1809 ab
1183 1739 1316 1808 dextro

150 1941 152 1944 Ι
253 1871 386 1945 cornu,
400 1841 445 1914 ab
460 1843 549 1914 laevo
559 1845 731 1916 Numidas
745 1847 1039 1944 Masinissamque
1056 1849 1238 1946 opposuit.
1255 1852 1317 1944 sy-

254 1955 351 2053 phax
373 1947 663 2048 Hasdrubalque,
700 1954 922 2028 Numidicis²
952 1955 1123 2028 adversus
1154 1956 1317 2028 italicum

255 2067 477 2162 equitatum,
502 2062 858 2161 Carthaginiensibus
877 2080 1001 2137 contra
1019 2067 1239 2139 Masinissam
1259 2067 1316 2138 lo-

198 2270 201 2276 *
255 2176 356 2260 catis,
384 2171 583 2244 Celtiberos
606 2174 644 2242 in
662 2173 817 2244 mediam
844 2176 955 2244 aciem
977 2177 1015 2244 in
1030 2175 1188 2246 ‘adversa
1215 2177 1317 2272 signa

256 2285 439 2380 legionum
459 2306 627 2378 accepere
647 2309 654 2350 :
678 2284 726 2354 ita
751 2284 917 2354 instructi
937 2297 1171 2357 concurrunt.
1195 2285 1317 2355 Primo

255 2397 394 2492 impetu
412 2393 518 2463 simul
536 2407 690 2488 utraque
710 2417 866 2480 cornua,
884 2406 920 2462 et
931 2389 1096 2464 Numidae
1116 2407 1152 2464 et
1171 2391 1318 2464 Cartha·

255 2506 433 2600 ginienses
460 2503 555 2600 pulsi
571 2529 579 2570 τ
595 2528 680 2572 nam
705 2528 828 2598 neque
852 2501 1036 2589 Numidae,
1053 2504 1212 2573 ,maxima
1234 2527 1319 2600 pars

255 2615 982 2712 agrestes,romanumequitatum,neque
993 2613 1319 2710 Carthaginienses,

257 2725 383 2822 etipse
398 2749 513 2795 novus
526 2724 647 2810 miles,
663 2724 902 2810 Masinissam,
915 2724 1052 2794 recenti
1067 2747 1175 2820 super
1192 2737 1319 2796 caetera

213 2944 216 2949 Ι
256 2960 324 3008 tabat
347 2975 398 3006 esse
420 2959 544 3024 Hispaniae
568 2959 672 3006 urbem:
695 2959 765 3006 male.
809 2958 866 3006 edd.
887 2969 944 3006 autc
961 2961 1038 3006 Gron.
1057 2959 1099 3020 qui
1122 2960 1194 3006 etiam
1212 2974 1272 3008 mox
1288 2975 1320 3006 ex

247 3033 354 3085 'Abbarit
363 3037 389 3083 in
398 3038 479 3084 Africa
493 3031 658 3085 victus'modo
665 3037 766 3102 Syphax
809 3037 909 3099 optimis
919 3036 994 3084 codd.
1003 3036 1107 3084 malebat
1118 3037 1258 3094 Celtiberos,
1273 3053 1321 3084 me-

257 3133 282 3164 se
296 3117 438 3165 contulerat.
448 3119 494 3163 En.
503 3144 536 3152 -
547 3115 765 3179 Conquiritoribus;
810 3115 877 3163 diam
891 3115 984 3172 aciem,
1005 3127 1028 3163 et
1042 3131 1089 3179 pro
1103 3115 1128 3162 in
1140 3115 1243 3162 adversa
1255 3118 1321 3177 conj.

256 3195 313 3243 vide
328 3207 410 3260 tauteu¹
422 3195 454 3242 ad
463 3195 552 3242 librum
562 3195 641 3252 xxl,
658 3211 711 3258 cap.
726 3209 768 3252 11,
810 3194 925 3250 adversa,
939 3194 979 3241 vel
990 3194 1129 3250 adversam,
1140 3195 1179 3240 vel
1188 3194 1321 3242 'adversere

257 3285 310 3322 not.
322 3289 361 3321 10.
810 3289 915 3338 quorum
928 3284 1010 3320 tamen
1024 3274 1086 3320 nihil
1103 3273 1160 3320 satis
1177 3284 1263 3337 aptum
1276 3284 1321 3320 est.

292 3353 351 3400 Car.
362 3353 434 3400 VIII.
452 3367 473 3399 1.
491 3350 573 3397 Primo
585 3349 608 3396 in
620 3350 764 3399 tremula...
809 3356 880 3401 Forte
889 3351 937 3416 leg.
948 3343 1076 3399 Celtiberos
1087 3352 1112 3398 in
1126 3350 1231 3398 mediam
1244 3351 1322 3398 aciem

257 3431 282 3478 in
293 3431 395 3495 Magnos
407 3445 519 3493 campos,
538 3440 584 3477 etr.
596 3429 662 3476 conf.
677 3429 764 3492 Polyb.
810 3432 922 3495 adversus
932 3429 1003 3494 signa
1017 3431 1137 3494 legionum
1156 3428 1244 3494 (rom.)
1256 3446 1324 3477 acce·

258 3511 330 3566 XIV,
347 3525 374 3568 7,
389 3511 419 3565 8,
439 3519 463 3554 et
482 3508 563 3571 intpp.
580 3508 631 3554 cic.
649 3507 679 3553 de
697 3509 765 3556 Orat.
805 3527 873 3574 pere.
891 3510 1009 3557 Eumdem
1027 3510 1131 3574 vulgatae
1149 3511 1206 3558 lect.
1224 3527 1323 3558 sensum

242 3582 360 3645 ‘III‚ta.
381 3612 415 3622 --
435 3587 557 3632 Romanas
572 3584 695 3648 principes
709 3595 767 3650 post
811 3605 914 3651 eumque
928 3589 1027 3652 planum
1044 3605 1108 3645 esse,
1129 3605 1181 3636 non
1197 3588 1258 3637 mihi
1271 3605 1338 3652 peu.
1435 3632 1436 3647 ,

258 3665 409 3713 hastatorum
417 3663 596 3728 primasque,
609 3663 633 3710 in
647 3663 765 3722 subsidiis,
812 3668 886 3736 suasit
903 3669 976 3716 Doer.
1001 3661 1170 3735 —'Vulgatam
1188 3669 1256 3716 omni
1275 3684 1324 3732 ope

260 3757 306 3792 etc.
321 3744 387 3792 conl.
397 3742 428 3789 ad
437 3745 509 3798 VIII,
521 3744 550 3800 8,
560 3753 585 3792 et
594 3745 634 3801 ΙΙ,
652 3758 696 3799 ao,
709 3760 734 3790 n.
743 3759 767 3792 a.
812 3758 894 3795 tuetur
903 3747 1039 3810 Creveriun
1048 3747 1117 3807 cujus
1129 3747 1261 3811 explicatio
1272 3758 1324 3794 est:

259 3825 320 3894 Ppst
333 3820 455 3887 princmes
472 3821 534 3870 least.
547 3837 674 3886 perperam
684 3837 769 3870 omnes
813 3824 968 3874 «Celtiberos
977 3841 1092 3889 accepere
1098 3827 1124 3872 in
1133 3826 1236 3874 mediam
1246 3826 1325 3872 aciem

260 3913 284 3948 et
294 3904 357 3950 Mss
369 3911 393 3947 et
404 3900 460 3946 edd.
475 3911 531 3948 ante
547 3901 632 3962 Sigon:
648 3900 687 3948 cf.
703 3902 768 3966 Lips.
814 3904 838 3950 in
852 3904 968 3962 adversa,
984 3903 1071 3963 idest,
1082 3915 1167 3952 contra
1177 3904 1278 3952 adverse
1289 3905 1326 3953 le*-

259 3980 290 4027 do
304 3979 359 4026 Mil.
375 3979 538 4032 nom.1v‚1.
813 3982 926 4045 ςὶοηυως
942 3983 1072 4046 oppositae
1089 3983 1165 4047 siguis
1183 3983 1326 4047 legionum,

293 4055 616 4120 a.SyplraxHasdrubalque
622 4057 766 4114 Numidicis,
813 4077 867 4122 quae
877 4061 982 4125 proinde
993 4060 1093 4110 adversa
1107 4063 1235 4111 Celtiberis
1247 4075 1326 4112 crant.

257 4138 310 4184 scil.
323 4136 459 4198 equitibus,
476 4137 508 4184 ita
525 4135 602 4228 MSS:
616 4147 640 4183 at
656 4137 768 4184 Numidis
813 4139 853 4186 stc
870 4141 945 4202 vulgo
966 4139 1050 4188 dicunt
1068 4141 1093 4188 in
1110 4141 1236 4190 adversim
1256 4159 1326 4192 mon·
