2888 4994
147 405 272 519 llll:
344 430 441 497 Lm.
467 431 588 498 xxx.
616 432 724 500 oar.
749 433 853 500 xiv.
881 435 963 502 xv.
1151 464 1198 534 29
1274 479 1276 486 .

120 547 250 619 «nulla
265 573 389 620 earum
401 550 516 621 virtus
525 565 598 639 est,
612 566 764 650 propter
778 577 870 650 quas
884 556 1113 653 appetendus
1129 559 1197 630 tihi

119 659 248 728 «visus
263 660 347 746 sim,
360 685 433 756 qua
449 685 518 758 ego
537 685 659 757 aeque,
673 676 783 759 atque
796 667 1039 762 temperantia
1050 681 1086 738 et
1106 691 1196 738 con-

120 800 136 835 α
148 771 303 841 tinentia
311 768 523 858 libidinum,
540 771 713 868 gloriatin
724 770 865 845 fuerim.
878 779 978 846 Hanc
993 790 1029 846 te
1043 801 1195 873 quoque

119 909 136 944 α
149 879 194 950 ad
211 893 357 950 caeteras
372 893 453 951 tuas
466 881 614 952 eximias
626 883 791 970 virtutes,
806 885 1012 970 Masinissa,
1024 883 1197 981 adjecisse

102 1075 104 1080 s
118 1019 134 1053 a
148 989 269 1060 velim.
283 992 369 1060 Non
379 1004 448 1077 est,
459 990 656 1088 non(mihi
667 993 794 1088 crede)
804 1006 948 1064 tantum
963 993 1009 1065 ab
1026 995 1194 1070 hostibus

117 1129 134 1162 «
148 1098 293 1168 armatis
302 1100 397 1169 aetati
410 1113 543 1171 nostrae
553 1101 758 1198 perieulum
769 1156 779 1190 ,
790 1117 969 1199 quantum
984 1103 1031 1176 ab
1045 1107 1194 1179 circnm-

117 1221 133 1273 ι’(
146 1207 234 1280 fusis
250 1209 413 1306 undique
428 1210 689 1309 voluptatibus.
705 1213 779 1303 Qui
794 1237 852 1284 eas
872 1238 935 1286 sua
953 1220 1194 1314 temperantia

116 1349 132 1384 ιι
146 1318 303 1392 frenavit
319 1345 360 1391 ac
380 1321 539 1409 domuit,
553 1322 670 1392 multo
685 1323 804 1417 majus
818 1321 931 1395 decus
944 1325 1192 1425 majoremque

116 1431 336 1502 «victoriam
355 1430 424 1502 sibi
438 1433 601 1531 peperit,
620 1457 731 1528 quam
745 1457 815 1504 nos
833 1432 997 1530 Syphace
1009 1435 1108 1506 victo
1124 1435 1192 1508 ha·

115 1571 131 1604 «
142 1540 287 1612 bemus.
305 1545 410 1632 Quae,
424 1565 484 1613 me
498 1540 648 1612 absente
660 1597 669 1631 ,
683 1557 832 1614 strenue
848 1566 889 1614 ac
902 1541 1045 1616 fortiter
1058 1543 1189 1633 fecisti,

115 1649 305 1723 «libenter
333 1666 370 1722 et
395 1652 698 1739 commemoravi,
720 1667 756 1724 et
781 1652 932 1724 memini
958 1680 965 1722 ε
995 1668 1123 1752 caetera
1154 1670 1190 1728 te

113 1763 265 1860 «ipsum
284 1777 454 1860 reputare
479 1777 618 1850 tecum,
640 1787 770 1860 quam,
789 1787 848 1834 me
867 1763 1031 1852 dicente,
1053 1765 1187 1838 erube-

113 1903 129 1936 «
142 1897 243 1944 scere
261 1872 368 1943 malo.
390 1867 534 1971 Syphax
552 1872 681 1970 populi
695 1872 838 1942 romani
853 1867 1047 1969 auspiciis⁶
1065 1875 1185 1946 victus

12 2039 13 2074 ἶ
112 1997 345 2081 «captusque
365 1997 443 2054 est:
459 1984 582 2079 itaque
602 1983 697 2080 ipse,
717 1981 874 2077 conjux,
888 2006 1065 2079 regnum,
1083 2009 1185 2082 ager,

111 2092 297 2190 «oppida,
319 2092 505 2175 homines,
524 2093 589 2188 qui
614 2091 797 2181 incolunt,
819 2091 1001 2190 quidquid
1025 2092 1186 2193 denique

110 2203 314 2302 «Syphacis
336 2201 425 2291 fuit,
447 2202 568 2301 praeda
590 2202 719 2300 populi
743 2203 886 2273 romani
910 2216 983 2290 est;
1002 2217 1038 2273 et
1062 2228 1185 2302 regem

107 2344 124 2378 (ι
140 2315 410 2412 conjugemque
425 2316 523 2409 ejus,
540 2313 680 2384 etiamsi
696 2336 771 2383 non
785 2313 871 2382 civis
883 2312 1183 2408 carthaginiensis

106 2457 124 2490 «
139 2427 402 2514 esset‚etiamsi
413 2449 490 2496 non
500 2438 640 2521 patrem
654 2422 732 2518 ejus
744 2424 1003 2519 imperatorem
1020 2421 1183 2494 hostium

106 2566 123 2599 a
138 2535 360 2622 videremus,
371 2540 523 2606 Romam
536 2547 723 2630 oporteret
733 2532 844 2619 mitti,
855 2556 896 2603 ac
906 2546 1054 2602 senatus
1064 2557 1182 2631 popu-

105 2677 122 2712 «
136 2645 386 2744 liqueromani
394 2645 438 2716 de
448 2669 489 2715 ea
496 2643 674 2739 judicium
684 2657 793 2740 atque
801 2641 991 2712 arbitrium
1003 2667 1091 2730 esse,
1101 2668 1182 2740 quar

104 2787 121 2820 ι(
135 2781 260 2854 regem
279 2755 387 2827 nobis
404 2757 543 2827 socium
560 2753 752 2840 alienasse,
771 2767 881 2848 atque
898 2752 937 2822 in
952 2775 1051 2822 arma
1068 2755 1181 2850 egisse

102 2897 119 2930 «
134 2867 356 2966 praecipitem
378 2865 528 2936 dicatur.
550 2865 666 2935 Vince
685 2863 870 2934 animum:
892 2887 977 2933 cave
998 2860 1180 2937 deformes

102 3009 119 3042 «
132 2978 249 3072 multa
264 2975 362 3048 bona
373 3001 450 3047 uno
464 2976 568 3063 vitio,
586 2989 623 3046 et
635 2988 691 3046 tot
708 2974 924 3045 meritorum
940 2975 1092 3071 gratiam
1106 3000 1179 3047 ma-

10 3149 11 3186 }
102 3091 214 3185 «jore
230 3088 354 3185 culpa,
374 3111 484 3186 quam
499 3109 605 3158 causa
623 3085 739 3182 culpae
756 3098 826 3172 est,
846 3109 1095 3181 corrumpas».

152 3204 229 3272 XV.
251 3200 445 3270 Masinissa
463 3197 539 3270 haec
557 3194 727 3268 audienti¹
739 3219 816 3265 non
835 3192 950 3264 rubor
968 3193 1085 3265 solum
1107 3194 1178 3266 suf-

102 3307 223 3397 fusus,
238 3309 301 3380 sed
317 3311 480 3406 lacrymae
498 3308 604 3379 etiam
619 3304 776 3392 ohortae3
792 3318 829 3375 et
844 3328 959 3401 quum
973 3306 1175 3402 sequidem

101 3426 139 3491 in
148 3435 332 3519 potestate
332 3421 506 3512 ficturum
523 3421 769 3515 ιἰηρεψαῐονίεΧ
786 3413 949 3504 dixisset,
960 3431 1172 3512 orassetque

99 3555 204 3618 eum,
218 3547 276 3616 ut,
295 3546 474 3628 quantum
495 3525 924 3620 1·essineret‚fideistroe
946 3541 1077 3597 temere
1105 3528 1170 3597 ob·
1266 3563 1269 3576 ·

96 3647 231 3712 sm’ctoe
244 3639 460 3725 consuleret;
465 3641 679 3736 promisisse
687 3640 784 3706 enim
791 3689 802 3721 ,
812 3659 890 3706 sese
902 3641 940 3705 in
954 3636 1089 3709 nullius
1097 3663 1174 3735 po-

96 3873 158 3921 bris.
174 3874 258 3934 Quum
277 3872 303 3920 in
326 3873 445 3937 Hispania
463 3873 541 3930 foret,
560 3887 614 3920 earn
658 3872 774 3936 Gisgonis
798 3869 850 3918 lilio
871 3871 1039 3933 Hasdrubal03
1059 3875 1175 3922 Murrus.

96 3967 154 4000 curn
166 3952 284 4018 Scipione
294 3950 412 4012 firmavit3
426 3951 501 3999 Drak.
694 3951 756 3999 Car.
765 3952 823 3998 XV.
833 3965 855 3998 1.
865 3952 895 3998 Se
904 3949 929 3998 in
934 3963 1058 4015 potestate
1059 3951 1175 4018 futurum

131 4032 157 4078 6.
178 4030 272 4095 Populi
292 4031 391 4079 rontani
409 4030 542 4094 auspicii&
557 4029 615 4078 vide
659 4028 812 4094 imperatoris
818 4046 829 4087 ,¹
844 4029 900 4078 vids
914 4030 946 4077 ad
964 4031 1004 4090 11,
1025 4031 1072 4092 56,
1093 4034 1174 4080 n.16.

93 4109 127 4158 ad
140 4111 186 4157 lib.
193 4112 227 4168 V,
242 4125 297 4174 cap.
309 4112 358 4168 46,
375 4121 428 4158 not.
440 4126 479 4157 ιο.
498 4111 562 4158 Mox
575 4109 615 4158 vi·
660 4135 695 4146 -
705 4108 776 4156 Fidei
790 4124 842 4170 sure
857 4120 945 4156 tenuere
959 4108 1094 4165 obstricto,
1110 4110 1173 4160 datae

94 4190 222 4247 deremet,
239 4191 295 4253 quin
312 4189 343 4238 da
356 4189 482 4255 superstite
497 4189 617 4254 loqnltur,
661 4185 706 4252 (ut
723 4189 829 4245 xxm,
848 4202 877 4248 9,
895 4198 919 4236 et
931 4187 1042 4252 obligata
1045 4187 1103 4256 fide
1114 4192 1173 4250 xt,
