2888 4994
242 415 285 486 32
670 415 708 480 r.
741 411 880 482 urvu
1164 392 1288 509 illiti

241 560 322 633 quae
353 533 580 602 munimenta
610 529 859 618 inchoaverat,
897 533 1094 628 permunit.
1126 535 1315 632 Carthagi-

243 649 405 730 nienses,
430 667 508 714 non
529 640 635 713 brevi
654 641 794 728 solum,
815 641 879 712 sed
900 666 1017 740 prope
1039 667 1133 712 vano
1159 644 1314 740 gaudi0,

170 813 173 819 .
242 755 295 827 ab.
303 756 388 826 satis
402 777 577 852 prospera
590 753 629 822 in
640 775 798 849 praesens
817 752 1092 848 oppugnatione
1104 752 1224 824 classis
1238 778 1317 851 per·

243 865 329 955 fusi,
349 878 433 962 post
451 861 583 934 famam
603 861 699 958 capti
717 860 908 958 Syphacis,
923 863 961 932 in
980 886 1055 959 quo
1074 862 1156 964 plus
1179 889 1316 963 prope,

242 999 353 1072 quam
377 975 415 1044 in
438 970 663 1044 Hasdrubale
688 985 799 1067 atque
822 975 984 1043 exercitu
1012 996 1080 1044 suo
1110 975 1188 1070 spei
1207 981 1315 1074 repo-

243 1097 410 1171 suerant,
419 1082 594 1180 perculsi,
605 1082 679 1178 jam
694 1079 798 1152 nullo
810 1079 1052 1152 auctorebelli
1063 1081 1158 1153 ultra
1171 1082 1316 1172 audito,
1331 1106 1333 1116 ’

241 1209 405 1266 oratores
423 1191 470 1264 ad
490 1216 618 1290 pacem
641 1189 836 1288 petendam
857 1193 1008 1262 mittunt
1027 1193 1177 1290 triginta
1198 1195 1315 1264 senio-

242 1330 325 1377 rum
344 1304 539 1402 principes.
555 1300 598 1372 Id
618 1315 695 1372 erat
716 1303 874 1372 sanctius
893 1301 991 1400 apud
1006 1302 1087 1374 illos
1104 1303 1315 1394 consilium,

243 1416 473 1511 maximaque
487 1412 533 1484 ad
550 1414 671 1510 ipsum
685 1426 852 1482 senatum
869 1411 1072 1510 regendum
1085 1415 1149 1484 vis.
1165 1415 1237 1502 Qui
1251 1414 1317 1486 ubi

243 1529 281 1598 in
308 1539 426 1600 castra
453 1546 603 1595 romana
625 1537 661 1594 et
686 1523 895 1619 praetorium
925 1539 1191 1620 pervenerunt,
1213 1549 1318 1596 more

244 1636 494 1708 adulantium¹
514 1633 706 1730 (accepto,
723 1631 851 1722 credo,
868 1632 942 1703 ritu
960 1657 1006 1704 ex
1025 1657 1066 1704 ea
1084 1634 1250 1730 regione,
1270 1660 1318 1706 ex

240 1771 313 1843 qua
331 1743 478 1816 oriundi
497 1741 623 1838 erant)
638 1741 927 1840 procubuerunt.
949 1743 1183 1814 Conveniens
1197 1746 1318 1815 oratio

240 1871 314 1928 tam
333 1855 462 1926 humili
481 1852 680 1924 adulationi
698 1850 786 1936 fuit,
800 1877 877 1922 non
896 1851 1041 1951 culpam
1059 1855 1317 1950 purgantium,

244 1965 308 2038 sed
322 1962 620 2036 transferentium
637 1962 781 2032 initium
802 1960 918 2059 culpae
936 1962 974 2032 in
992 1962 1232 2040 Hannibalern
1246 1966 1318 2034 im-

242 2075 489 2173 potentiaque
508 2072 587 2166 ejus
601 2069 762 2142 fautores
773 2081 800 2141 ².
811 2073 964 2144 Veniam
977 2072 1112 2143 civitati
1123 2073 1318 2170 petebant,

243 2186 377 2257 civium
396 2184 599 2254 temeritate
624 2180 682 2254 bis
696 2183 771 2278 jam
792 2196 877 2254 ante
898 2205 1045 2271 eversae,
1066 2183 1240 2255 incolumi
1258 2183 1318 2255 fu-

245 2312 334 2367 turae
355 2297 488 2366 iterum
515 2291 679 2364 hostium
705 2290 898 2364 beneficio.
922 2297 1122 2389 Imperium
1142 2318 1196 2370 ‚ex
1212 2299 1319 2365 vietis

245 2405 408 2477 hostibus
418 2401 604 2503 populum
621 2428 833 2490 romanum,
853 2427 929 2472 non
935 2408 1138 2499 perniciem
1146 2456 1157 2490 ,
1163 2418 1317 2500 petere:

236 2521 384 2614 paratis
397 2514 607 2585 obedienter
618 2519 765 2601 servire,
780 2537 866 2610 quae
880 2512 1006 2599 vellet,
1027 2519 1227 2610 imperaret.
1244 2515 1318 2586 Sci-

246 2628 331 2725 pio,
361 2641 398 2696 et
414 2630 557 2696 venisse
584 2650 629 2696 ea
647 2649 711 2722 spe
734 2629 771 2694 in
790 2625 960 2716 Africam
985 2648 1038 2711 se,
1061 2625 1129 2711 ait,
1158 2640 1194 2694 et
1216 2649 1319 2722 spem

243 2764 351 2810 suam
372 2761 553 2834 prospero
582 2733 669 2806 belli
691 2751 818 2806 eventu
846 2751 1013 2823 auctam,
1032 2741 1225 2806 victoriam
1254 2761 1317 2824 se,

245 2872 478 2946 nonpaoem,
494 2847 644 2918 domum
658 2861 925 2944 reportaturum
939 2870 1036 2916 esse:
1052 2862 1188 2934 tamen,
1204 2871 1320 2943 quum

245 2964 436 3030 victoriam
446 2981 568 3055 prope
586 2961 624 3025 in
646 2956 817 3026 manibus
835 2957 990 3043 habeat,
1004 2981 1141 3055 pacem
1164 2982 1237 3027 non
1258 2956 1321 3028 ab·

248 3095 375 3157 uuere3
393 3085 435 3139 ut
445 3091 570 3138 omues
585 3081 709 3162 gentes
722 3071 854 3153 sciant,
861 3066 1046 3166 populum
1067 3092 1261 3139 romanum
1283 3083 1321 3137 et

282 3283 761 3343 cn.xv1.1.Mareadutantium‚ete.
806 3285 974 3351 impotentiam
996 3302 1069 3351 quam
1087 3287 1232 3351 potentiam.
1260 3289 1322 3338 Haeo

247 3368 306 3416 vide
317 3367 350 3414 ad
362 3367 417 3426 nt,
429 3366 473 3423 18,
482 3382 508 3414 n.
518 3380 544 3424 a,
554 3374 579 3411 et
589 3364 656 3412 conf.
668 3364 760 3430 Polyb.
806 3366 872 3416 enim
879 3365 989 3430 legitima
998 3383 1051 3414 esse
1059 3377 1155 3431 potest,
1172 3367 1215 3414 illa
1223 3383 1322 3432 semper

247 3448 306 3506 XV,
326 3461 348 3492 r.
367 3471 403 3480 -
425 3445 468 3490 Ex
483 3459 514 3490 ea
531 3442 644 3508 regione,
662 3459 761 3507 exque
805 3447 868 3496 vitio
878 3446 990 3496 vertitur.
1004 3446 1053 3494 En.
1071 3473 1107 3482 -
1127 3445 1169 3493 Bis
1182 3446 1241 3512 jam
1262 3459 1323 3495 ante
1427 3485 1431 3500 .

247 3523 347 3575 oriundi
352 3522 508 3582 eraseroent,
516 3538 530 3569 e
539 3523 618 3590 Tyro.
629 3522 676 3570 Sed
685 3523 762 3570 totius
806 3539 908 3582 eversae,
919 3541 972 3573 non
983 3536 1096 3584 vastatae,
1106 3524 1206 3584 diruta,
1218 3525 1322 3586 excisa,

248 3608 297 3654 sere
308 3602 416 3652 Orientis
428 3602 489 3650 ritus
501 3612 553 3660 est3
570 3599 629 3648 vide
644 3617 718 3666 supra
729 3601 761 3648 ad
806 3604 850 3654 sed
866 3605 935 3665 eujus
948 3604 1060 3668 potentia
1073 3603 1191 3652 labefacta
1207 3615 1283 3664 esset,
1297 3617 1324 3654 et

250 3687 302 3745 tx,
314 3685 360 3741 18,
373 3698 398 3729 n.
410 3696 434 3728 a.
806 3699 861 3748 quae
870 3683 955 3730 fractis
966 3683 1059 3730 viribus
1072 3694 1125 3730 nort
1137 3683 1243 3731 multum
1254 3684 1324 3732 abes-

284 3781 310 3811 2.
335 3758 537 3824 Impotentioeque
561 3757 613 3824 ejus
628 3757 761 3825 secutorem
806 3773 843 3810 set
858 3762 888 3811 ab
905 3761 1008 3810 interitu
1022 3772 1047 3814 et
1062 3761 1204 3811 eversione:
1221 3763 1267 3810 sed
1282 3765 1325 3813 vel
1427 3783 1432 3798 ‘

249 3844 305 3892 vide
321 3840 353 3888 ad
368 3843 419 3897 III,
439 3838 472 3886 36
482 3873 490 3898 ,
507 3855 534 3886 n.
551 3854 576 3888 a.
593 3839 762 3902 Potentioeque
806 3842 841 3890 ita
851 3841 913 3888 mihi
925 3852 1067 3906 suspectum
1077 3853 1114 3889 est
1124 3853 1182 3889 ante
1188 3876 1197 3899 ,
1213 3843 1283 3906 quod
1292 3861 1325 3892 ex

249 3928 304 3972 Put.
314 3921 381 3967 Flor.
395 3929 421 3966 et
435 3917 465 3965 al.
483 3945 518 3954 -
534 3917 582 3965 Sed
597 3930 668 3968 notat
686 3918 761 3966 Drak.
807 3920 902 3968 duabus
919 3921 1051 3986 postremis
1066 3920 1145 3968 literis
1157 3922 1227 3969 voois
1244 3939 1321 3986 praee.

247 3998 397 4057 humilitati,
415 4014 461 4062 qua
483 3996 557 4062 legati
578 3998 762 4062 Carthaginien·
806 4010 831 4048 et
843 4000 923 4065 prima
941 3999 1065 4064 sequentis
1080 3999 1139 4047 oriri
1157 4003 1240 4064 potuit
1255 4001 1324 4066 (uam
1429 4025 1433 4048 ι

249 4083 312 4130 sium
321 4093 406 4143 paoem
416 4087 520 4141 petunt,
538 4078 615 4142 magis
628 4079 761 4126 convenire
806 4095 836 4126 eo
849 4091 961 4144 tempore
970 4079 1051 4127 adhue
1064 4080 1166 4128 durabat
1181 4080 1276 4129 bellum
1288 4099 1325 4132 se·

249 4172 276 4210 ut
301 4157 471 4206 auctoritatem
499 4157 646 4207 Hannibalis
671 4169 762 4208 vorent
806 4159 929 4219 eundum,
942 4175 989 4208 nee
1000 4159 1050 4207 duo
1062 4159 1110 4208 alia
1119 4159 1184 4208 bella
1193 4171 1250 4211 ante
1260 4161 1324 4210 illud
