2888 4994
257 437 301 480 υ
686 415 724 480 a.
756 412 912 480 mvn⁴
1185 392 1302 504 ltili?

255 532 375 604 siduas
398 530 517 603 clades
536 556 578 603 ac
595 531 770 629 lacrymas
789 557 905 604 unum
926 546 1266 629 quantumcumque
1281 557 1325 604 ex

253 645 438 739 insperato
452 641 624 740 gaudium
634 641 837 731 affulserat,
851 667 935 714 cum
946 667 991 712 eo
1001 651 1043 728 ¹¹,
1055 655 1096 712 ut
1114 657 1325 738 appareret,

255 752 354 823 haud
372 753 500 850 procul
526 752 636 824 exitio
661 752 770 825 fuisse
792 776 981 824 romanam
1000 751 1168 840 classem,
1189 752 1228 822 ni
1248 776 1326 822 ces-

255 876 373 934 satum
391 888 411 935 a
433 861 609 961 praefectis
630 887 778 935 suarum
797 863 943 934 navium
962 861 1075 948 foret,
1094 876 1131 932 et
1148 859 1269 960 Scipio
1286 862 1324 932 in

256 987 422 1072 tempore
442 973 681 1045 subvenisset.

302 1087 364 1154 XI.
390 1089 457 1156 Per
477 1084 625 1156 eosdem
644 1082 742 1156 forte
759 1083 853 1170 dies,
873 1107 989 1179 quum
1008 1081 1137 1154 Laelius
1158 1095 1195 1152 et
1215 1081 1326 1152 Masi·

254 1195 370 1264 nissa1
397 1194 673 1292 quintodecimo
694 1193 808 1266 ferme
835 1193 895 1264 die
913 1194 952 1263 in
969 1191 1176 1264 Numidiam
1197 1215 1326 1288 perve-

254 1304 413 1394 nissent,
430 1305 590 1403 Massyli,
612 1299 768 1404 regnum
791 1319 984 1401 paternum
1007 1302 1201 1373 Masinissae
1209 1311 1236 1387 ²,
1252 1300 1326 1370 laeti

251 1427 294 1484 ut
316 1413 362 1484 ad
389 1439 511 1512 regem
534 1415 598 1485 diu
622 1413 884 1502 desideratum,
909 1437 1132 1485 concessere.
1159 1410 1326 1509 Syphaar,

250 1523 364 1620 pulsis
377 1525 464 1597 inde
481 1523 658 1625 praefectis
669 1525 915 1624 praesidiisque
936 1525 1026 1610 suis,
1045 1538 1168 1595 vetere
1184 1547 1222 1594 se
1237 1547 1327 1593 con-

250 1633 389 1706 tinebat
423 1660 555 1732 regno,
589 1638 804 1734 neutiquam
839 1637 1041 1733 quieturus.
1078 1631 1327 1705 stimulabant

251 1771 386 1843 aegrum
412 1771 535 1818 amore
559 1773 654 1818 uxor
676 1771 873 1844 socerque3
899 1760 935 1816 et
958 1748 1008 1816 ita
1034 1745 1122 1814 viris
1144 1743 1328 1840 equisque

249 1855 478 1945 abundabat,
495 1857 726 1952 utsnbjectae
745 1857 860 1929 oculis
884 1857 988 1953 regni
1010 1880 1077 1954 per
1097 1855 1233 1925 multos
1252 1851 1327 1923 uo·
1425 1901 1426 1920 i

249 1968 363 2039 rantis
379 1992 496 2039 annos
513 1970 607 2038 vires
630 1969 738 2037 etiam
755 1969 876 2036 minus
895 1965 1054 2036 barbaro
1076 1979 1187 2061 atque
1206 1966 1327 2060 impo

248 2077 341 2148 tenti
355 2079 479 2150 animo
493 2079 641 2178 spiritus
655 2089 805 2176 possent
823 2074 941 2146 lacere
952 2071 978 2145 ³.
998 2076 1112 2171 Igitur
1130 2072 1326 2160 omnibus,
1425 2147 1426 2154 ,

249 2189 313 2284 qui
331 2187 430 2259 bello
452 2190 527 2286 apti
548 2203 672 2276 erant,
696 2189 735 2258 in
757 2209 875 2258 unum
894 2187 1027 2257 coactis
1045 2209 1179 2282 equos,
1201 2208 1327 2271 arma,

250 2297 321 2368 tela
341 2297 492 2370 dividit:
515 2299 656 2395 equites
678 2299 717 2368 in
735 2312 893 2384 titianas,
910 2297 1051 2394 pedites
1069 2296 1109 2365 in
1128 2294 1326 2382 cobortes,

248 2408 342 2479 sicut
360 2407 547 2506 quondam
570 2401 793 2480 ab'romanis
813 2406 1113 2478 centurionibus⁴
1128 2405 1326 2510 didicerat,
1425 2437 1426 2460 1

247 2517 442 2590 distribuit.
473 2521 641 2590 Exercitu
657 2519 757 2591 haud
774 2519 935 2603 minore,
958 2541 1068 2614 quam
1086 2539 1196 2613 quem
1217 2515 1328 2612 prius
1352 2583 1357 2594 ,
1425 2579 1426 2582 ,

246 2625 437 2717 habuerat,
451 2643 622 2700 caeterum
631 2631 733 2700 omni
747 2651 863 2726 prope
877 2651 975 2698 novo
988 2641 1097 2723 atque
1111 2623 1327 2710 incondito,
1425 2659 1426 2686 r

244 2739 296 2808 ire
317 2737 362 2808 ad
380 2739 502 2810 hostes
516 2742 644 2838 pergit.
669 2744 714 2810 Et
732 2738 856 2809 castris
879 2739 926 2807 in‘
937 2736 1150 2834 propinquo
1173 2735 1328 2832 positis,
1425 2752 1426 2778 ¹

244 2849 364 2944 primo
382 2852 488 2947 pauci
507 2853 648 2947 equites
672 2875 717 2920 ex
737 2862 818 2920 tuto
842 2848 1070 2946 speculantes
1089 2844 1136 2916 ab
1156 2846 1327 2914 stationi·

244 2957 314 3030 bus
328 2961 515 3058 progredi,
533 2960 619 3032 inde
630 2960 758 3056 jaculis
774 2958 936 3031 submoti
949 2981 1135 3032 recurrere
1148 2955 1193 3027 ad
1212 2979 1328 3045 su0s;

244 3141 303 3189 vido
313 3159 386 3206 supra
399 3143 431 3192 ad
442 3143 558 3205 liavu,
569 3161 622 3210 cap.
635 3145 682 3206 33,
692 3161 719 3193 n.
729 3161 755 3194 n.
800 3160 872 3208 supra
883 3144 915 3192 ad
925 3144 970 3192 lib.
983 3144 1083 3201 Xle,
1094 3157 1149 3207 oap.
1163 3141 1196 3196 48
1204 3175 1215 3200 ,
1224 3151 1280 3190 not.
1299 3157 1326 3190 1.

282 3237 323 3274 rr.
348 3223 408 3271 Cam
430 3240 474 3284 ao,
496 3237 523 3274 nt
543 3237 688 3290 appareret,
708 3236 755 3276 sto.
837 3223 861 3271 3.
878 3223 1012 3288 laquounti
1027 3222 1112 3270 animo
1131 3221 1250 3286 (vidend
1262 3223 1327 3284 ΙΙΙ,

244 3299 302 3349 vids
314 3301 345 3349 ud
359 3303 434 3362 VIII,
450 3312 497 3364 ιιι,
510 3321 535 3352 n.
545 3305 569 3353 3.
803 3303 849 3361 36,
860 3319 887 3350 n.
896 3302 923 3368 a)
935 3302 1034 3368 spiritus
1040 3312 1142 3366 possent
1142 3300 1244 3368 facere,
1256 3300 1285 3348 h.
1297 3318 1324 3350 e.

279 3381 757 3441 Car.XI.1.Loelithaniaissa,eao.
802 3383 922 3441 antinum,
945 3381 1074 3430 audaciam
1091 3392 1116 3430 et
1132 3380 1264 3440 fiduciam,
1280 3383 1328 3430 vel
1425 3375 1426 3378 ¹

245 3460 311 3508 conf.
325 3475 459 3524 eapsqpr.
803 3461 985 3526 arrogantiam,
1000 3472 1029 3508 ut
1049 3459 1140 3525 passim
1156 3459 1256 3524 spiritns
1272 3460 1326 3509 alti
1425 3506 1426 3528 ,

279 3553 304 3588 a.
321 3539 425 3601 Massyli
441 3537 488 3604 (al.
501 3538 644 3606 Massylii),
658 3556 759 3606 regnam
803 3553 828 3590 et
842 3542 910 3600 elati,
923 3540 1070 3609 autflotns,
1090 3551 1180 3598 tamor,
1199 3539 1329 3590 tumidior

240 3629 371 3681 paramum
384 3617 522 3666 Masinissa
535 3617 591 3684 (per
600 3621 757 3684 epexegesln,
801 3619 902 3686 sermo(
909 3619 993 3679 XLV,
1007 3615 1073 3683 23),
1091 3619 1169 3666 uerba
1182 3618 1326 3668 tumidioiu

242 3706 270 3742 ut
290 3696 461 3745 Heraclienses
479 3713 580 3763 regnum
598 3694 757 3760 tyrannoram
802 3699 895 3764 (XLV,
911 3706 944 3754 sl,
957 3698 1022 3765 pn),
1041 3698 1159 3768 φύσημα,
1178 3697 1327 3766 ’φυοίωσις,

242 3775 308 3840 apud
325 3777 416 3824 Justin.
429 3776 509 3836 XVI,
528 3775 544 3824 5
564 3789 625 3825 extr.
643 3777 687 3825 ubi
703 3778 755 3827 vid.
801 3778 887 3848 ὄγκος,
905 3773 1014 3848 οἴδημα,
1026 3776 1118 3842 meat,
1132 3771 1258 3830 sideriten.
1276 3807 1328 3827 --.-

242 3853 380 3920 (ἔπιθι),
395 3855 445 3904 lati
455 3856 487 3903 ad
499 3855 669 3917 Masinissam,
685 3869 713 3905 nt
722 3859 760 3906 ad
801 3861 882 3906 Arma
889 3892 899 3916 „
914 3857 963 3906 tela
973 3857 1076 3914 dindin·
1090 3857 1150 3906 vide
1160 3873 1234 3922 snpra
1246 3857 1281 3906 ad
1294 3861 1329 3920 1,

239 3949 320 3999 regem
340 3935 383 3982 din
403 3934 582 3992 desideratum,
602 3953 755 3994 concessere,
803 3939 851 3996 43,
865 3955 891 3984 n.
903 3943 930 3994 Ι.

239 4015 366 4080 πηροὶοτο.
390 4013 462 4062 Conf.
480 4015 583 4073 XXIX,
604 4017 700 4078 29-33;
722 4015 755 4064 ad
837 4024 861 4074 4.
877 4015 917 4064 Ab
930 4015 1038 4064 romanis
1052 4014 1232 4064 centurionibus
1248 4013 1329 4063 didi-

240 4091 316 4150 VIII,
329 4093 416 4150 3o‚u.
432 4109 463 4154 7,
478 4105 503 4142 et
517 4095 615 4154 XXIV,
631 4096 678 4154 48,
692 4111 717 4142 u.
731 4112 753 4145 r.
799 4107 882 4154 ceron
899 4095 956 4142 vide
970 4095 1004 4142 ad
1013 4095 1109 4154 XXIV,
1123 4096 1165 4151 48.
1185 4119 1220 4130 --
1243 4095 1329 4143 Novo

239 4196 273 4210 --
288 4173 372 4218 Vetere
385 4187 458 4238 regno
475 4174 677 4240 Masaesylorum
696 4175 753 4224 vide
798 4174 1171 4241 atqnor'neondiw5aid.111‚
1185 4174 1278 4238 ὄψι
1289 4192 1319 4225 ι.
