<?xml version="1.0" encoding="UTF-8"?>
<!DOCTYPE html PUBLIC "-//W3C//DTD XHTML 1.0 Transitional//EN"
    "http://www.w3.org/TR/xhtml1/DTD/xhtml1-transitional.dtd">
<html xmlns="http://www.w3.org/1999/xhtml" xml:lang="en" lang="en">
 <head>
  <title>
</title>
<meta http-equiv="Content-Type" content="text/html;charset=utf-8" />
  <meta name='ocr-system' content='tesseract 3.04.00' />
  <meta name='ocr-capabilities' content='ocr_page ocr_carea ocr_par ocr_line ocrx_word'/>
</head>
<body>
  <div class='ocr_page' id='page_1' title='image "bibliothecaclas92lemagoog_0040.png"; bbox 0 0 2888 4994; ppageno 0'>
   <div class='ocr_carea' id='block_1_1' title="bbox 150 429 1194 544">
    <p class='ocr_par' dir='ltr' id='par_1_1' title="bbox 150 429 1194 544">
     <span class='ocr_line' id='line_1_1' title="bbox 150 429 1194 544; baseline -0.009 -14"><span class='ocrx_word' id='word_1_1' title='bbox 150 429 269 544; x_wconf 63' lang='grc' dir='ltr'><strong>ὲῑὲῑέἶζῑ</strong></span> <span class='ocrx_word' id='word_1_2' title='bbox 357 452 532 522; x_wconf 62' lang='lat' dir='ltr'><strong>bruun</strong></span> <span class='ocrx_word' id='word_1_3' title='bbox 563 454 686 520; x_wconf 81' lang='lat' dir='ltr'><strong>xxx.</strong></span> <span class='ocrx_word' id='word_1_4' title='bbox 713 454 820 520; x_wconf 78' lang='lat' dir='ltr'><strong>cae.</strong></span> <span class='ocrx_word' id='word_1_5' title='bbox 848 455 937 520; x_wconf 76' lang='grc' dir='ltr'><strong>ΧΠ.</strong></span> <span class='ocrx_word' id='word_1_6' title='bbox 1149 448 1194 522; x_wconf 77' lang='lat'><strong>25</strong></span> 
     </span>
    </p>
   </div>
   <div class='ocr_carea' id='block_1_2' title="bbox 121 570 1196 1332">
    <p class='ocr_par' dir='ltr' id='par_1_2' title="bbox 121 570 1196 1332">
     <span class='ocr_line' id='line_1_2' title="bbox 121 570 1195 669; baseline 0.008 -34"><span class='ocrx_word' id='word_1_7' title='bbox 121 601 138 636; x_wconf 76' lang='lat' dir='ltr'><strong>a</strong></span> <span class='ocrx_word' id='word_1_8' title='bbox 154 573 184 642; x_wconf 88' lang='lat' dir='ltr'><strong>si</strong></span> <span class='ocrx_word' id='word_1_9' title='bbox 198 570 346 668; x_wconf 87' lang='lat' dir='ltr'><strong>captivae</strong></span> <span class='ocrx_word' id='word_1_10' title='bbox 365 571 460 667; x_wconf 91' lang='lat' dir='ltr'><strong>apud</strong></span> <span class='ocrx_word' id='word_1_11' title='bbox 478 572 670 642; x_wconf 90' lang='lat' dir='ltr'><strong>dominum</strong></span> <span class='ocrx_word' id='word_1_12' title='bbox 686 573 767 642; x_wconf 79' lang='lat' dir='ltr'><strong>vitae</strong></span> <span class='ocrx_word' id='word_1_13' title='bbox 782 573 957 669; x_wconf 86' lang='lat' dir='ltr'>necisque</span> <span class='ocrx_word' id='word_1_14' title='bbox 976 591 1049 644; x_wconf 80' lang='lat' dir='ltr'><strong>suar</strong></span> <span class='ocrx_word' id='word_1_15' title='bbox 1067 595 1195 644; x_wconf 88' lang='lat' dir='ltr'><strong>vocem</strong></span> 
     </span>
     <span class='ocr_line' id='line_1_3' title="bbox 122 680 1196 779; baseline 0.008 -33"><span class='ocrx_word' id='word_1_16' title='bbox 122 711 140 746; x_wconf 74' lang='lat' dir='ltr'><strong>a</strong></span> <span class='ocrx_word' id='word_1_17' title='bbox 154 681 356 779; x_wconf 81' lang='lat' dir='ltr'><strong>supplicem</strong></span> <span class='ocrx_word' id='word_1_18' title='bbox 365 680 510 752; x_wconf 86' lang='lat' dir='ltr'><strong>mittere</strong></span> <span class='ocrx_word' id='word_1_19' title='bbox 527 683 629 770; x_wconf 90' lang='lat' dir='ltr'><strong>licet,</strong></span> <span class='ocrx_word' id='word_1_20' title='bbox 644 684 674 753; x_wconf 92' lang='lat' dir='ltr'><strong>si</strong></span> <span class='ocrx_word' id='word_1_21' title='bbox 692 707 830 779; x_wconf 90' lang='lat' dir='ltr'><strong>genua,</strong></span> <span class='ocrx_word' id='word_1_22' title='bbox 845 685 875 752; x_wconf 89' lang='lat' dir='ltr'><strong>si</strong></span> <span class='ocrx_word' id='word_1_23' title='bbox 891 684 1076 754; x_wconf 87' lang='lat' dir='ltr'><strong>victricem</strong></span> <span class='ocrx_word' id='word_1_24' title='bbox 1092 685 1196 755; x_wconf 90' lang='lat' dir='ltr'><strong>attiu-</strong></span> 
     </span>
     <span class='ocr_line' id='line_1_4' title="bbox 121 791 1194 890; baseline 0.007 -34"><span class='ocrx_word' id='word_1_25' title='bbox 121 821 138 856; x_wconf 74' lang='grc' dir='ltr'><strong>«ι</strong></span> <span class='ocrx_word' id='word_1_26' title='bbox 152 816 238 890; x_wconf 87' lang='lat' dir='ltr'><strong>gere</strong></span> <span class='ocrx_word' id='word_1_27' title='bbox 257 791 440 881; x_wconf 83' lang='lat' dir='ltr'>dextram,</span> <span class='ocrx_word' id='word_1_28' title='bbox 455 817 586 890; x_wconf 88' lang='lat' dir='ltr'><strong>precor</strong></span> <span class='ocrx_word' id='word_1_29' title='bbox 601 817 800 890; x_wconf 86' lang='lat' dir='ltr'><strong>quaesoque</strong></span> <span class='ocrx_word' id='word_1_30' title='bbox 815 815 881 889; x_wconf 91' lang='lat' dir='ltr'><strong>per</strong></span> <span class='ocrx_word' id='word_1_31' title='bbox 897 793 1123 886; x_wconf 84' lang='lat' dir='ltr'><strong>majestatem</strong></span> <span class='ocrx_word' id='word_1_32' title='bbox 1137 817 1194 865; x_wconf 94' lang='lat' dir='ltr'><strong>re·</strong></span> 
     </span>
     <span class='ocr_line' id='line_1_5' title="bbox 121 901 1195 1002; baseline 0.008 -35"><span class='ocrx_word' id='word_1_33' title='bbox 121 931 140 967; x_wconf 73' lang='lat' dir='ltr'><strong>a</strong></span> <span class='ocrx_word' id='word_1_34' title='bbox 155 903 272 1000; x_wconf 85' lang='lat' dir='ltr'><strong>giam,</strong></span> <span class='ocrx_word' id='word_1_35' title='bbox 292 903 330 972; x_wconf 90' lang='lat' dir='ltr'><strong>in</strong></span> <span class='ocrx_word' id='word_1_36' title='bbox 353 927 426 998; x_wconf 92' lang='lat' dir='ltr'><strong>qua</strong></span> <span class='ocrx_word' id='word_1_37' title='bbox 448 901 560 1000; x_wconf 92' lang='lat' dir='ltr'><strong>paulo</strong></span> <span class='ocrx_word' id='word_1_38' title='bbox 580 916 665 975; x_wconf 91' lang='lat' dir='ltr'><strong>ante</strong></span> <span class='ocrx_word' id='word_1_39' title='bbox 685 927 754 974; x_wconf 91' lang='lat' dir='ltr'><strong>nos</strong></span> <span class='ocrx_word' id='word_1_40' title='bbox 776 927 927 999; x_wconf 88' lang='lat' dir='ltr'><strong>quoque</strong></span> <span class='ocrx_word' id='word_1_41' title='bbox 946 901 1100 990; x_wconf 86' lang='lat' dir='ltr'><strong>fuimus,</strong></span> <span class='ocrx_word' id='word_1_42' title='bbox 1129 929 1195 1002; x_wconf 92' lang='lat' dir='ltr'><strong>per</strong></span> 
     </span>
     <span class='ocr_line' id='line_1_6' title="bbox 122 1011 1194 1112; baseline 0.01 -36"><span class='ocrx_word' id='word_1_43' title='bbox 122 1041 139 1076; x_wconf 76' lang='grc' dir='ltr'><em>α</em></span> <span class='ocrx_word' id='word_1_44' title='bbox 152 1013 270 1109; x_wconf 85' lang='lat' dir='ltr'><strong>gentis</strong></span> <span class='ocrx_word' id='word_1_45' title='bbox 284 1013 523 1084; x_wconf 80' lang='lat' dir='ltr'><strong>Numidarum</strong></span> <span class='ocrx_word' id='word_1_46' title='bbox 546 1037 698 1102; x_wconf 90' lang='lat' dir='ltr'><strong>nomen,</strong></span> <span class='ocrx_word' id='word_1_47' title='bbox 714 1013 815 1110; x_wconf 94' lang='lat' dir='ltr'><strong>quod</strong></span> <span class='ocrx_word' id='word_1_48' title='bbox 842 1011 907 1083; x_wconf 91' lang='lat' dir='ltr'><strong>tibi</strong></span> <span class='ocrx_word' id='word_1_49' title='bbox 926 1037 1011 1085; x_wconf 90' lang='lat' dir='ltr'><strong>cum</strong></span> <span class='ocrx_word' id='word_1_50' title='bbox 1029 1015 1194 1112; x_wconf 85' lang='lat' dir='ltr'>Syphace</span> 
     </span>
     <span class='ocr_line' id='line_1_7' title="bbox 122 1121 1194 1223; baseline 0.01 -36"><span class='ocrx_word' id='word_1_51' title='bbox 122 1145 350 1194; x_wconf 72' lang='lat' dir='ltr'><strong>«commuue</strong></span> <span class='ocrx_word' id='word_1_52' title='bbox 372 1121 457 1211; x_wconf 87' lang='lat' dir='ltr'><strong>fuit,</strong></span> <span class='ocrx_word' id='word_1_53' title='bbox 476 1148 542 1223; x_wconf 91' lang='lat' dir='ltr'><strong>per</strong></span> <span class='ocrx_word' id='word_1_54' title='bbox 559 1124 711 1219; x_wconf 87' lang='lat' dir='ltr'><strong>hujusce</strong></span> <span class='ocrx_word' id='word_1_55' title='bbox 731 1124 836 1220; x_wconf 85' lang='lat' dir='ltr'><strong>regiae</strong></span> <span class='ocrx_word' id='word_1_56' title='bbox 854 1124 959 1213; x_wconf 93' lang='lat' dir='ltr'><strong>deos,</strong></span> <span class='ocrx_word' id='word_1_57' title='bbox 977 1126 1042 1222; x_wconf 92' lang='lat' dir='ltr'><strong>qui</strong></span> <span class='ocrx_word' id='word_1_58' title='bbox 1060 1139 1096 1196; x_wconf 91' lang='lat' dir='ltr'><strong>te</strong></span> <span class='ocrx_word' id='word_1_59' title='bbox 1116 1151 1194 1198; x_wconf 91' lang='lat' dir='ltr'><strong>me-</strong></span> 
     </span>
     <span class='ocr_line' id='line_1_8' title="bbox 121 1231 1193 1332; baseline 0.008 -34"><span class='ocrx_word' id='word_1_60' title='bbox 121 1262 139 1298; x_wconf 80' lang='lat'>«</span> <span class='ocrx_word' id='word_1_61' title='bbox 154 1231 308 1304; x_wconf 83' lang='lat' dir='ltr'><strong>liorIbus</strong></span> <span class='ocrx_word' id='word_1_62' title='bbox 330 1231 513 1304; x_wconf 89' lang='lat' dir='ltr'><strong>ominibus</strong></span> <span class='ocrx_word' id='word_1_63' title='bbox 531 1235 729 1330; x_wconf 84' lang='lat' dir='ltr'>accipiant,</span> <span class='ocrx_word' id='word_1_64' title='bbox 747 1259 859 1330; x_wconf 92' lang='lat' dir='ltr'><strong>quam</strong></span> <span class='ocrx_word' id='word_1_65' title='bbox 882 1234 1082 1332; x_wconf 86' lang='lat' dir='ltr'><strong>Syphacem</strong></span> <span class='ocrx_word' id='word_1_66' title='bbox 1107 1235 1193 1307; x_wconf 91' lang='lat' dir='ltr'><strong>hinc</strong></span> 
     </span>
    </p>
   </div>
   <div class='ocr_carea' id='block_1_3' title="bbox 121 1345 1303 1443">
    <p class='ocr_par' dir='ltr' id='par_1_3' title="bbox 121 1345 1303 1443">
     <span class='ocr_line' id='line_1_9' title="bbox 121 1345 1303 1443; baseline 0.007 -33"><span class='ocrx_word' id='word_1_67' title='bbox 121 1373 138 1409; x_wconf 86' lang='grc'>«</span> <span class='ocrx_word' id='word_1_68' title='bbox 154 1345 350 1433; x_wconf 86' lang='lat' dir='ltr'><strong>miserunt,</strong></span> <span class='ocrx_word' id='word_1_69' title='bbox 364 1345 460 1417; x_wconf 91' lang='lat' dir='ltr'><strong>hauc</strong></span> <span class='ocrx_word' id='word_1_70' title='bbox 477 1346 622 1416; x_wconf 82' lang='lat' dir='ltr'><strong>reniam</strong></span> <span class='ocrx_word' id='word_1_71' title='bbox 639 1345 794 1443; x_wconf 90' lang='lat' dir='ltr'><strong>supplici</strong></span> <span class='ocrx_word' id='word_1_72' title='bbox 812 1345 895 1434; x_wconf 91' lang='lat' dir='ltr'><strong>des,</strong></span> <span class='ocrx_word' id='word_1_73' title='bbox 910 1358 952 1416; x_wconf 89' lang='lat' dir='ltr'><strong>ut</strong></span> <span class='ocrx_word' id='word_1_74' title='bbox 965 1347 1063 1443; x_wconf 88' lang='lat' dir='ltr'><strong>ipse,</strong></span> <span class='ocrx_word' id='word_1_75' title='bbox 1079 1345 1193 1443; x_wconf 93' lang='lat' dir='ltr'><strong>quod·</strong></span> <span class='ocrx_word' id='word_1_76' title='bbox 1300 1419 1303 1430; x_wconf 78' lang='grc'><em>,</em></span> 
     </span>
    </p>
   </div>
   <div class='ocr_carea' id='block_1_4' title="bbox 117 1451 1195 3766">
    <p class='ocr_par' dir='ltr' id='par_1_4' title="bbox 117 1451 1195 3766">
     <span class='ocr_line' id='line_1_10' title="bbox 121 1451 1192 1554; baseline 0.002 -28"><span class='ocrx_word' id='word_1_77' title='bbox 121 1483 139 1518; x_wconf 87' lang='lat'>«</span> <span class='ocrx_word' id='word_1_78' title='bbox 153 1479 314 1551; x_wconf 87' lang='lat' dir='ltr'><strong>cumque</strong></span> <span class='ocrx_word' id='word_1_79' title='bbox 332 1451 402 1526; x_wconf 84' lang='lat' dir='ltr'><strong>lert</strong></span> <span class='ocrx_word' id='word_1_80' title='bbox 422 1455 641 1543; x_wconf 88' lang='lat' dir='ltr'><strong>animus,de</strong></span> <span class='ocrx_word' id='word_1_81' title='bbox 660 1457 801 1554; x_wconf 90' lang='lat' dir='ltr'><strong>captiva</strong></span> <span class='ocrx_word' id='word_1_82' title='bbox 820 1469 972 1538; x_wconf 78' lang='lat' dir='ltr'><strong>statuaS,</strong></span> <span class='ocrx_word' id='word_1_83' title='bbox 991 1481 1112 1553; x_wconf 89' lang='lat' dir='ltr'><strong>neque</strong></span> <span class='ocrx_word' id='word_1_84' title='bbox 1133 1481 1192 1528; x_wconf 91' lang='lat' dir='ltr'><strong>me</strong></span> 
     </span>
     <span class='ocr_line' id='line_1_11' title="bbox 120 1565 1193 1664; baseline 0.003 -29"><span class='ocrx_word' id='word_1_85' title='bbox 120 1593 137 1629; x_wconf 76' lang='lat' dir='ltr'><strong>&lt;t</strong></span> <span class='ocrx_word' id='word_1_86' title='bbox 151 1566 191 1635; x_wconf 91' lang='lat' dir='ltr'><strong>iu</strong></span> <span class='ocrx_word' id='word_1_87' title='bbox 200 1565 418 1662; x_wconf 90' lang='lat' dir='ltr'><strong>cujusquam</strong></span> <span class='ocrx_word' id='word_1_88' title='bbox 429 1568 571 1636; x_wconf 89' lang='lat' dir='ltr'><strong>romani</strong></span> <span class='ocrx_word' id='word_1_89' title='bbox 580 1565 779 1664; x_wconf 91' lang='lat' dir='ltr'><strong>superbum</strong></span> <span class='ocrx_word' id='word_1_90' title='bbox 793 1592 835 1639; x_wconf 90' lang='lat' dir='ltr'><strong>ac</strong></span> <span class='ocrx_word' id='word_1_91' title='bbox 845 1566 991 1639; x_wconf 89' lang='lat' dir='ltr'><strong>crudele</strong></span> <span class='ocrx_word' id='word_1_92' title='bbox 1001 1565 1193 1640; x_wconf 85' lang='lat' dir='ltr'><strong>arbitrium</strong></span> 
     </span>
     <span class='ocr_line' id='line_1_12' title="bbox 121 1676 1193 1776; baseline 0.008 -36"><span class='ocrx_word' id='word_1_93' title='bbox 121 1705 138 1740; x_wconf 79' lang='grc' dir='ltr'><strong>α</strong></span> <span class='ocrx_word' id='word_1_94' title='bbox 153 1676 278 1746; x_wconf 89' lang='lat' dir='ltr'><strong>venire</strong></span> <span class='ocrx_word' id='word_1_95' title='bbox 300 1677 407 1747; x_wconf 88' lang='lat' dir='ltr'><strong>sinas.</strong></span> <span class='ocrx_word' id='word_1_96' title='bbox 430 1677 468 1748; x_wconf 92' lang='lat' dir='ltr'><strong>Si</strong></span> <span class='ocrx_word' id='word_1_97' title='bbox 490 1677 582 1747; x_wconf 91' lang='lat' dir='ltr'><strong>nihil</strong></span> <span class='ocrx_word' id='word_1_98' title='bbox 608 1676 727 1765; x_wconf 90' lang='lat' dir='ltr'><strong>aliud,</strong></span> <span class='ocrx_word' id='word_1_99' title='bbox 751 1701 860 1773; x_wconf 89' lang='lat' dir='ltr'><strong>quam</strong></span> <span class='ocrx_word' id='word_1_100' title='bbox 885 1677 1057 1774; x_wconf 83' lang='lat' dir='ltr'><strong>Syphacis</strong></span> <span class='ocrx_word' id='word_1_101' title='bbox 1080 1703 1193 1776; x_wconf 84' lang='lat' dir='ltr'><strong>uxor,</strong></span> 
     </span>
     <span class='ocr_line' id='line_1_13' title="bbox 120 1784 1193 1884; baseline 0.005 -33"><span class='ocrx_word' id='word_1_102' title='bbox 120 1815 138 1851; x_wconf 72' lang='grc' dir='ltr'><strong>(ι</strong></span> <span class='ocrx_word' id='word_1_103' title='bbox 151 1784 318 1876; x_wconf 84' lang='lat' dir='ltr'><strong>fuissem,</strong></span> <span class='ocrx_word' id='word_1_104' title='bbox 347 1801 470 1858; x_wconf 90' lang='lat' dir='ltr'><strong>tamen</strong></span> <span class='ocrx_word' id='word_1_105' title='bbox 501 1786 686 1875; x_wconf 86' lang='lat' dir='ltr'><strong>Numidae,</strong></span> <span class='ocrx_word' id='word_1_106' title='bbox 702 1800 816 1884; x_wconf 87' lang='lat' dir='ltr'><strong>atque</strong></span> <span class='ocrx_word' id='word_1_107' title='bbox 839 1787 878 1858; x_wconf 93' lang='lat' dir='ltr'><strong>in</strong></span> <span class='ocrx_word' id='word_1_108' title='bbox 898 1785 1025 1858; x_wconf 89' lang='lat' dir='ltr'><strong>eadem</strong></span> <span class='ocrx_word' id='word_1_109' title='bbox 1047 1811 1193 1858; x_wconf 91' lang='lat' dir='ltr'><strong>mecum</strong></span> 
     </span>
     <span class='ocr_line' id='line_1_14' title="bbox 121 1894 1194 1994; baseline 0.006 -32"><span class='ocrx_word' id='word_1_110' title='bbox 121 1894 273 1966; x_wconf 84' lang='lat' dir='ltr'><strong>«Africa</strong></span> <span class='ocrx_word' id='word_1_111' title='bbox 299 1898 431 1994; x_wconf 85' lang='lat' dir='ltr'><strong>geniti,</strong></span> <span class='ocrx_word' id='word_1_112' title='bbox 455 1921 565 1993; x_wconf 90' lang='lat' dir='ltr'><strong>quam</strong></span> <span class='ocrx_word' id='word_1_113' title='bbox 598 1897 805 1994; x_wconf 78' lang='lat' dir='ltr'><strong>alienigenae</strong></span> <span class='ocrx_word' id='word_1_114' title='bbox 831 1910 867 1968; x_wconf 90' lang='lat' dir='ltr'><strong>et</strong></span> <span class='ocrx_word' id='word_1_115' title='bbox 900 1897 1055 1985; x_wconf 80' lang='lat' dir='ltr'><strong>externi,</strong></span> <span class='ocrx_word' id='word_1_116' title='bbox 1083 1895 1194 1970; x_wconf 88' lang='lat' dir='ltr'><strong>fidem</strong></span> 
     </span>
     <span class='ocr_line' id='line_1_15' title="bbox 121 2005 1194 2105; baseline 0.006 -33"><span class='ocrx_word' id='word_1_117' title='bbox 121 2005 311 2102; x_wconf 74' lang='lat' dir='ltr'><strong>«experiri</strong></span> <span class='ocrx_word' id='word_1_118' title='bbox 334 2006 491 2078; x_wconf 90' lang='lat' dir='ltr'><strong>mallem.</strong></span> <span class='ocrx_word' id='word_1_119' title='bbox 515 2008 615 2099; x_wconf 87' lang='lat' dir='ltr'><strong>Quid</strong></span> <span class='ocrx_word' id='word_1_120' title='bbox 637 2008 924 2105; x_wconf 87' lang='lat' dir='ltr'><strong>Carthaginiensi</strong></span> <span class='ocrx_word' id='word_1_121' title='bbox 945 2005 991 2077; x_wconf 89' lang='lat' dir='ltr'><strong>ab</strong></span> <span class='ocrx_word' id='word_1_122' title='bbox 1010 2011 1194 2094; x_wconf 87' lang='lat' dir='ltr'><strong>Romano,</strong></span> 
     </span>
     <span class='ocr_line' id='line_1_16' title="bbox 121 2115 1192 2213; baseline 0.006 -31"><span class='ocrx_word' id='word_1_123' title='bbox 121 2116 244 2213; x_wconf 81' lang='lat' dir='ltr'><strong>«quid</strong></span> <span class='ocrx_word' id='word_1_124' title='bbox 261 2115 343 2188; x_wconf 86' lang='lat' dir='ltr'><strong>filiae</strong></span> <span class='ocrx_word' id='word_1_125' title='bbox 356 2118 589 2190; x_wconf 86' lang='lat' dir='ltr'><strong>Hasdrubalis</strong></span> <span class='ocrx_word' id='word_1_126' title='bbox 606 2119 810 2190; x_wconf 89' lang='lat' dir='ltr'><strong>timendum</strong></span> <span class='ocrx_word' id='word_1_127' title='bbox 826 2119 890 2206; x_wconf 89' lang='lat' dir='ltr'><strong>sit,</strong></span> <span class='ocrx_word' id='word_1_128' title='bbox 903 2118 1004 2189; x_wconf 88' lang='lat' dir='ltr'><strong>vides</strong></span> <span class='ocrx_word' id='word_1_129' title='bbox 1018 2145 1029 2187; x_wconf 81' lang='grc'><strong>.-</strong></span> <span class='ocrx_word' id='word_1_130' title='bbox 1044 2119 1075 2188; x_wconf 87' lang='lat' dir='ltr'><strong>si</strong></span> <span class='ocrx_word' id='word_1_131' title='bbox 1091 2117 1192 2188; x_wconf 88' lang='lat' dir='ltr'><strong>nulla</strong></span> 
     </span>
     <span class='ocr_line' id='line_1_17' title="bbox 120 2225 1193 2324; baseline 0.007 -34"><span class='ocrx_word' id='word_1_132' title='bbox 120 2255 138 2290; x_wconf 75' lang='lat' dir='ltr'><strong>a</strong></span> <span class='ocrx_word' id='word_1_133' title='bbox 154 2225 223 2297; x_wconf 91' lang='lat' dir='ltr'><strong>alia</strong></span> <span class='ocrx_word' id='word_1_134' title='bbox 241 2250 282 2297; x_wconf 89' lang='lat' dir='ltr'><strong>re</strong></span> <span class='ocrx_word' id='word_1_135' title='bbox 297 2240 423 2324; x_wconf 89' lang='lat' dir='ltr'><strong>potes,</strong></span> <span class='ocrx_word' id='word_1_136' title='bbox 441 2243 559 2300; x_wconf 89' lang='lat' dir='ltr'><strong>morte</strong></span> <span class='ocrx_word' id='word_1_137' title='bbox 577 2253 636 2299; x_wconf 90' lang='lat' dir='ltr'><strong>me</strong></span> <span class='ocrx_word' id='word_1_138' title='bbox 650 2243 692 2298; x_wconf 91' lang='lat' dir='ltr'><strong>ut</strong></span> <span class='ocrx_word' id='word_1_139' title='bbox 705 2228 867 2300; x_wconf 89' lang='lat' dir='ltr'><strong>vindices</strong></span> <span class='ocrx_word' id='word_1_140' title='bbox 881 2227 927 2300; x_wconf 93' lang='lat' dir='ltr'><strong>ab</strong></span> <span class='ocrx_word' id='word_1_141' title='bbox 943 2233 1193 2300; x_wconf 89' lang='lat' dir='ltr'><strong>Romanorum</strong></span> 
     </span>
     <span class='ocr_line' id='line_1_18' title="bbox 120 2334 1194 2436; baseline 0.005 -33"><span class='ocrx_word' id='word_1_142' title='bbox 120 2365 139 2401; x_wconf 74' lang='lat' dir='ltr'><strong>a</strong></span> <span class='ocrx_word' id='word_1_143' title='bbox 153 2334 322 2425; x_wconf 89' lang='lat' dir='ltr'><strong>arbitrio,</strong></span> <span class='ocrx_word' id='word_1_144' title='bbox 348 2363 415 2409; x_wconf 90' lang='lat' dir='ltr'><strong>oro</strong></span> <span class='ocrx_word' id='word_1_145' title='bbox 442 2338 723 2436; x_wconf 82' lang='lat' dir='ltr'><strong>obtestorque».</strong></span> <span class='ocrx_word' id='word_1_146' title='bbox 746 2345 875 2410; x_wconf 87' lang='lat' dir='ltr'><strong>Forma</strong></span> <span class='ocrx_word' id='word_1_147' title='bbox 894 2352 970 2409; x_wconf 89' lang='lat' dir='ltr'><strong>erat</strong></span> <span class='ocrx_word' id='word_1_148' title='bbox 987 2339 1138 2436; x_wconf 90' lang='lat' dir='ltr'><strong>insignis</strong></span> <span class='ocrx_word' id='word_1_149' title='bbox 1157 2352 1194 2410; x_wconf 89' lang='lat' dir='ltr'><strong>et</strong></span> 
     </span>
     <span class='ocr_line' id='line_1_19' title="bbox 120 2439 1194 2546; baseline 0.004 -31"><span class='ocrx_word' id='word_1_150' title='bbox 120 2443 376 2518; x_wconf 89' lang='lat' dir='ltr'><strong>florentissima</strong></span> <span class='ocrx_word' id='word_1_151' title='bbox 398 2461 490 2519; x_wconf 86' lang='lat' dir='ltr'><strong>actas.</strong></span> <span class='ocrx_word' id='word_1_152' title='bbox 508 2439 635 2546; x_wconf 85' lang='lat' dir='ltr'><strong>ltaque</strong></span> <span class='ocrx_word' id='word_1_153' title='bbox 653 2474 769 2545; x_wconf 90' lang='lat' dir='ltr'><strong>quum</strong></span> <span class='ocrx_word' id='word_1_154' title='bbox 788 2448 916 2536; x_wconf 88' lang='lat' dir='ltr'><strong>modo,</strong></span> <span class='ocrx_word' id='word_1_155' title='bbox 934 2447 1096 2519; x_wconf 88' lang='lat' dir='ltr'><strong>dextram</strong></span> <span class='ocrx_word' id='word_1_156' title='bbox 1121 2473 1194 2519; x_wconf 89' lang='lat' dir='ltr'><strong>am·</strong></span> 
     </span>
     <span class='ocr_line' id='line_1_20' title="bbox 119 2556 1195 2655; baseline 0.002 -29"><span class='ocrx_word' id='word_1_157' title='bbox 119 2556 306 2655; x_wconf 90' lang='lat' dir='ltr'><strong>plectens,</strong></span> <span class='ocrx_word' id='word_1_158' title='bbox 328 2559 366 2626; x_wconf 91' lang='lat' dir='ltr'><strong>in</strong></span> <span class='ocrx_word' id='word_1_159' title='bbox 392 2557 449 2647; x_wconf 93' lang='lat' dir='ltr'><strong>id,</strong></span> <span class='ocrx_word' id='word_1_160' title='bbox 471 2584 520 2630; x_wconf 92' lang='lat' dir='ltr'><strong>ne</strong></span> <span class='ocrx_word' id='word_1_161' title='bbox 552 2560 612 2630; x_wconf 92' lang='lat' dir='ltr'><strong>cui</strong></span> <span class='ocrx_word' id='word_1_162' title='bbox 638 2565 804 2630; x_wconf 89' lang='lat' dir='ltr'><strong>Romano</strong></span> <span class='ocrx_word' id='word_1_163' title='bbox 832 2557 1060 2646; x_wconf 88' lang='lat' dir='ltr'><strong>traderetur,</strong></span> <span class='ocrx_word' id='word_1_164' title='bbox 1084 2556 1195 2630; x_wconf 90' lang='lat' dir='ltr'><strong>fidem</strong></span> 
     </span>
     <span class='ocr_line' id='line_1_21' title="bbox 120 2667 1191 2766; baseline 0 -29"><span class='ocrx_word' id='word_1_165' title='bbox 120 2681 354 2764; x_wconf 85' lang='lat' dir='ltr'><strong>exposceret,</strong></span> <span class='ocrx_word' id='word_1_166' title='bbox 372 2670 598 2766; x_wconf 90' lang='lat' dir='ltr'><strong>propiusque</strong></span> <span class='ocrx_word' id='word_1_167' title='bbox 610 2667 802 2740; x_wconf 88' lang='lat' dir='ltr'><strong>blanditias</strong></span> <span class='ocrx_word' id='word_1_168' title='bbox 816 2668 934 2738; x_wconf 91' lang='lat' dir='ltr'><strong>oratio</strong></span> <span class='ocrx_word' id='word_1_169' title='bbox 954 2681 1067 2756; x_wconf 89' lang='lat' dir='ltr'><strong>esset,</strong></span> <span class='ocrx_word' id='word_1_170' title='bbox 1082 2692 1191 2764; x_wconf 91' lang='lat' dir='ltr'><strong>quam</strong></span> 
     </span>
     <span class='ocr_line' id='line_1_22' title="bbox 120 2777 1195 2876; baseline 0.001 -30"><span class='ocrx_word' id='word_1_171' title='bbox 120 2801 267 2873; x_wconf 85' lang='lat' dir='ltr'><strong>preces;</strong></span> <span class='ocrx_word' id='word_1_172' title='bbox 282 2802 359 2848; x_wconf 92' lang='lat' dir='ltr'><strong>non</strong></span> <span class='ocrx_word' id='word_1_173' title='bbox 372 2779 411 2849; x_wconf 90' lang='lat' dir='ltr'><strong>in</strong></span> <span class='ocrx_word' id='word_1_174' title='bbox 425 2777 706 2851; x_wconf 88' lang='lat' dir='ltr'><strong>misericordiam</strong></span> <span class='ocrx_word' id='word_1_175' title='bbox 718 2778 830 2854; x_wconf 90' lang='lat' dir='ltr'><strong>modo</strong></span> <span class='ocrx_word' id='word_1_176' title='bbox 844 2778 1036 2876; x_wconf 92' lang='lat' dir='ltr'><strong>prolapsus</strong></span> <span class='ocrx_word' id='word_1_177' title='bbox 1055 2792 1109 2849; x_wconf 91' lang='lat' dir='ltr'><strong>est</strong></span> <span class='ocrx_word' id='word_1_178' title='bbox 1124 2779 1195 2847; x_wconf 89' lang='lat' dir='ltr'><strong>ani·</strong></span> 
     </span>
     <span class='ocr_line' id='line_1_23' title="bbox 120 2888 1194 2988; baseline 0.006 -32"><span class='ocrx_word' id='word_1_179' title='bbox 120 2911 203 2958; x_wconf 91' lang='lat' dir='ltr'><strong>mus</strong></span> <span class='ocrx_word' id='word_1_180' title='bbox 224 2888 391 2977; x_wconf 90' lang='lat' dir='ltr'><strong>victoris,</strong></span> <span class='ocrx_word' id='word_1_181' title='bbox 411 2889 474 2960; x_wconf 91' lang='lat' dir='ltr'><strong>sed</strong></span> <span class='ocrx_word' id='word_1_182' title='bbox 493 2893 557 2988; x_wconf 88' lang='lat' dir='ltr'><strong>(ut</strong></span> <span class='ocrx_word' id='word_1_183' title='bbox 571 2905 626 2961; x_wconf 89' lang='lat' dir='ltr'><strong>est</strong></span> <span class='ocrx_word' id='word_1_184' title='bbox 643 2915 759 2987; x_wconf 90' lang='lat' dir='ltr'><strong>genus</strong></span> <span class='ocrx_word' id='word_1_185' title='bbox 776 2891 1017 2962; x_wconf 87' lang='lat' dir='ltr'><strong>Numidarum</strong></span> <span class='ocrx_word' id='word_1_186' title='bbox 1032 2891 1071 2960; x_wconf 90' lang='lat' dir='ltr'><strong>in</strong></span> <span class='ocrx_word' id='word_1_187' title='bbox 1087 2915 1194 2962; x_wconf 86' lang='lat' dir='ltr'><strong>vene·</strong></span> 
     </span>
     <span class='ocr_line' id='line_1_24' title="bbox 119 3001 1194 3099; baseline 0.005 -32"><span class='ocrx_word' id='word_1_188' title='bbox 119 3022 200 3068; x_wconf 90' lang='lat' dir='ltr'><strong>rem</strong></span> <span class='ocrx_word' id='word_1_189' title='bbox 226 3002 434 3097; x_wconf 68' lang='lat' dir='ltr'><strong>praecepsl)</strong></span> <span class='ocrx_word' id='word_1_190' title='bbox 460 3007 587 3071; x_wconf 83' lang='lat' dir='ltr'><strong>&#39;amore</strong></span> <span class='ocrx_word' id='word_1_191' title='bbox 618 3003 766 3099; x_wconf 86' lang='lat' dir='ltr'><strong>captivae</strong></span> <span class='ocrx_word' id='word_1_192' title='bbox 789 3003 905 3074; x_wconf 91' lang='lat' dir='ltr'><strong>victor</strong></span> <span class='ocrx_word' id='word_1_193' title='bbox 932 3016 1075 3099; x_wconf 87' lang='lat' dir='ltr'><strong>captus,</strong></span> <span class='ocrx_word' id='word_1_194' title='bbox 1111 3001 1194 3072; x_wconf 90' lang='lat' dir='ltr'><strong>data</strong></span> 
     </span>
     <span class='ocr_line' id='line_1_25' title="bbox 119 3107 1192 3218; baseline 0.006 -40"><span class='ocrx_word' id='word_1_195' title='bbox 119 3107 248 3218; x_wconf 63' lang='lat' dir='ltr'><strong>deatra</strong></span> <span class='ocrx_word' id='word_1_196' title='bbox 264 3110 303 3178; x_wconf 91' lang='lat' dir='ltr'><strong>in</strong></span> <span class='ocrx_word' id='word_1_197' title='bbox 322 3108 375 3198; x_wconf 91' lang='lat' dir='ltr'><strong>id,</strong></span> <span class='ocrx_word' id='word_1_198' title='bbox 395 3111 498 3206; x_wconf 91' lang='lat' dir='ltr'><strong>quod</strong></span> <span class='ocrx_word' id='word_1_199' title='bbox 513 3112 722 3209; x_wconf 90' lang='lat' dir='ltr'><strong>petebatur,</strong></span> <span class='ocrx_word' id='word_1_200' title='bbox 741 3111 944 3209; x_wconf 83' lang='lat' dir='ltr'><strong>obligandae</strong></span> <span class='ocrx_word' id='word_1_201' title='bbox 961 3110 1063 3200; x_wconf 92' lang='lat' dir='ltr'><strong>fidei,</strong></span> <span class='ocrx_word' id='word_1_202' title='bbox 1078 3113 1116 3183; x_wconf 92' lang='lat' dir='ltr'><strong>in</strong></span> <span class='ocrx_word' id='word_1_203' title='bbox 1134 3137 1192 3184; x_wconf 90' lang='lat' dir='ltr'><strong>re-</strong></span> 
     </span>
     <span class='ocr_line' id='line_1_26' title="bbox 119 3219 1192 3319; baseline 0.006 -31"><span class='ocrx_word' id='word_1_204' title='bbox 119 3219 215 3315; x_wconf 89' lang='lat' dir='ltr'><strong>giam</strong></span> <span class='ocrx_word' id='word_1_205' title='bbox 241 3221 420 3292; x_wconf 88' lang='lat' dir='ltr'><strong>concedit.</strong></span> <span class='ocrx_word' id='word_1_206' title='bbox 450 3223 587 3293; x_wconf 87' lang='lat' dir='ltr'><strong>Institit</strong></span> <span class='ocrx_word' id='word_1_207' title='bbox 605 3222 738 3294; x_wconf 92' lang='lat' dir='ltr'><strong>deinde</strong></span> <span class='ocrx_word' id='word_1_208' title='bbox 759 3237 928 3319; x_wconf 88' lang='lat' dir='ltr'><strong>reputare</strong></span> <span class='ocrx_word' id='word_1_209' title='bbox 955 3246 1077 3293; x_wconf 92' lang='lat' dir='ltr'><strong>secum</strong></span> <span class='ocrx_word' id='word_1_210' title='bbox 1097 3223 1192 3319; x_wconf 90' lang='lat' dir='ltr'><strong>ipse,</strong></span> 
     </span>
     <span class='ocr_line' id='line_1_27' title="bbox 118 3329 1191 3430; baseline 0.003 -31"><span class='ocrx_word' id='word_1_211' title='bbox 118 3329 432 3424; x_wconf 90' lang='lat' dir='ltr'><strong>quemadmodum</strong></span> <span class='ocrx_word' id='word_1_212' title='bbox 445 3334 614 3430; x_wconf 90' lang='lat' dir='ltr'><strong>promissi</strong></span> <span class='ocrx_word' id='word_1_213' title='bbox 622 3331 733 3403; x_wconf 88' lang='lat' dir='ltr'><strong>fidem</strong></span> <span class='ocrx_word' id='word_1_214' title='bbox 748 3346 936 3429; x_wconf 84' lang='lat' dir='ltr'><strong>praestaret</strong></span> <span class='ocrx_word' id='word_1_215' title='bbox 947 3359 954 3401; x_wconf 95' lang='lat'><strong>:</strong></span> <span class='ocrx_word' id='word_1_216' title='bbox 967 3331 1070 3429; x_wconf 92' lang='lat' dir='ltr'><strong>quod</strong></span> <span class='ocrx_word' id='word_1_217' title='bbox 1077 3357 1191 3429; x_wconf 87' lang='lat' dir='ltr'><strong>quum</strong></span> 
     </span>
     <span class='ocr_line' id='line_1_28' title="bbox 119 3439 1193 3540; baseline 0.002 -30"><span class='ocrx_word' id='word_1_218' title='bbox 119 3439 294 3536; x_wconf 87' lang='lat' dir='ltr'><strong>expedire</strong></span> <span class='ocrx_word' id='word_1_219' title='bbox 312 3467 389 3513; x_wconf 90' lang='lat' dir='ltr'><strong>non</strong></span> <span class='ocrx_word' id='word_1_220' title='bbox 405 3455 548 3540; x_wconf 90' lang='lat' dir='ltr'><strong>posset,</strong></span> <span class='ocrx_word' id='word_1_221' title='bbox 560 3441 606 3512; x_wconf 91' lang='lat' dir='ltr'><strong>ah</strong></span> <span class='ocrx_word' id='word_1_222' title='bbox 619 3467 743 3513; x_wconf 91' lang='lat' dir='ltr'><strong>amore</strong></span> <span class='ocrx_word' id='word_1_223' title='bbox 757 3443 989 3513; x_wconf 91' lang='lat' dir='ltr'><strong>temerarium</strong></span> <span class='ocrx_word' id='word_1_224' title='bbox 1000 3457 1110 3539; x_wconf 87' lang='lat' dir='ltr'><strong>atque</strong></span> <span class='ocrx_word' id='word_1_225' title='bbox 1125 3444 1193 3512; x_wconf 91' lang='lat' dir='ltr'><strong>im-</strong></span> 
     </span>
     <span class='ocr_line' id='line_1_29' title="bbox 117 3548 1194 3651; baseline 0.005 -32"><span class='ocrx_word' id='word_1_226' title='bbox 117 3548 264 3646; x_wconf 90' lang='lat' dir='ltr'><strong>pudens</strong></span> <span class='ocrx_word' id='word_1_227' title='bbox 288 3566 477 3628; x_wconf 86' lang='lat' dir='ltr'><strong>mutuatur</strong></span> <span class='ocrx_word' id='word_1_228' title='bbox 503 3553 707 3624; x_wconf 86' lang='lat' dir='ltr'><strong>consilium.</strong></span> <span class='ocrx_word' id='word_1_229' title='bbox 733 3554 887 3650; x_wconf 88' lang='lat' dir='ltr'><strong>Nuptias</strong></span> <span class='ocrx_word' id='word_1_230' title='bbox 912 3555 948 3622; x_wconf 88' lang='lat' dir='ltr'><strong>in</strong></span> <span class='ocrx_word' id='word_1_231' title='bbox 972 3578 1056 3624; x_wconf 90' lang='lat' dir='ltr'><strong>eum</strong></span> <span class='ocrx_word' id='word_1_232' title='bbox 1075 3556 1194 3651; x_wconf 92' lang='lat' dir='ltr'><strong>ipsum</strong></span> 
     </span>
     <span class='ocr_line' id='line_1_30' title="bbox 117 3659 1195 3766; baseline 0.004 -36"><span class='ocrx_word' id='word_1_233' title='bbox 117 3659 218 3732; x_wconf 91' lang='lat' dir='ltr'><strong>diem</strong></span> <span class='ocrx_word' id='word_1_234' title='bbox 232 3675 384 3759; x_wconf 88' lang='lat' dir='ltr'><strong>repente</strong></span> <span class='ocrx_word' id='word_1_235' title='bbox 396 3665 514 3760; x_wconf 83' lang='lat' dir='ltr'><strong>parari</strong></span> <span class='ocrx_word' id='word_1_236' title='bbox 522 3663 646 3759; x_wconf 90' lang='lat' dir='ltr'><strong>jubet,</strong></span> <span class='ocrx_word' id='word_1_237' title='bbox 658 3689 704 3735; x_wconf 93' lang='lat' dir='ltr'><strong>ne</strong></span> <span class='ocrx_word' id='word_1_238' title='bbox 716 3663 807 3765; x_wconf 91' lang='lat' dir='ltr'><strong>quid</strong></span> <span class='ocrx_word' id='word_1_239' title='bbox 821 3663 1045 3766; x_wconf 88' lang='lat' dir='ltr'><strong>relinqueret</strong></span> <span class='ocrx_word' id='word_1_240' title='bbox 1062 3665 1195 3763; x_wconf 90' lang='lat' dir='ltr'><strong>integri</strong></span> 
     </span>
    </p>
   </div>
   <div class='ocr_carea' id='block_1_5' title="bbox 112 3892 1198 4281">
    <p class='ocr_par' dir='ltr' id='par_1_5' title="bbox 112 3892 1198 4281">
     <span class='ocr_line' id='line_1_31' title="bbox 156 3892 1198 3961; baseline 0.008 -24"><span class='ocrx_word' id='word_1_241' title='bbox 156 3898 182 3946; x_wconf 79' lang='grc'><strong>4.</strong></span> <span class='ocrx_word' id='word_1_242' title='bbox 203 3892 285 3939; x_wconf 77' lang='lat' dir='ltr'><strong>Genus</strong></span> <span class='ocrx_word' id='word_1_243' title='bbox 301 3893 465 3942; x_wconf 82' lang='lat' dir='ltr'><strong>Numidarum</strong></span> <span class='ocrx_word' id='word_1_244' title='bbox 480 3895 505 3943; x_wconf 84' lang='lat' dir='ltr'><strong>in</strong></span> <span class='ocrx_word' id='word_1_245' title='bbox 521 3911 635 3944; x_wconf 78' lang='lat' dir='ltr'><strong>venerem</strong></span> <span class='ocrx_word' id='word_1_246' title='bbox 680 3909 752 3960; x_wconf 86' lang='lat' dir='ltr'><strong>capta</strong></span> <span class='ocrx_word' id='word_1_247' title='bbox 764 3897 843 3944; x_wconf 86' lang='lat' dir='ltr'><strong>ferum</strong></span> <span class='ocrx_word' id='word_1_248' title='bbox 854 3897 975 3946; x_wconf 85' lang='lat' dir='ltr'><strong>victorem</strong></span> <span class='ocrx_word' id='word_1_249' title='bbox 989 3897 1054 3961; x_wconf 86' lang='lat' dir='ltr'><strong>cepit</strong></span> <span class='ocrx_word' id='word_1_250' title='bbox 1063 3919 1084 3946; x_wconf 70' lang='lat' dir='ltr'><strong>n.</strong></span> <span class='ocrx_word' id='word_1_251' title='bbox 1099 3899 1145 3944; x_wconf 88' lang='lat' dir='ltr'><strong>Eu.</strong></span> <span class='ocrx_word' id='word_1_252' title='bbox 1163 3925 1198 3934; x_wconf 91' lang='lat'>-</span> 
     </span>
     <span class='ocr_line' id='line_1_32' title="bbox 112 3970 1195 4040; baseline 0.006 -24"><span class='ocrx_word' id='word_1_253' title='bbox 112 3985 225 4034; x_wconf 73' lang='lat' dir='ltr'><strong>praeceps</strong></span> <span class='ocrx_word' id='word_1_254' title='bbox 232 3988 243 4027; x_wconf 92' lang='lat'><strong>‚·</strong></span> <span class='ocrx_word' id='word_1_255' title='bbox 260 3970 318 4018; x_wconf 84' lang='lat' dir='ltr'><strong>vide</strong></span> <span class='ocrx_word' id='word_1_256' title='bbox 337 3973 369 4020; x_wconf 82' lang='lat' dir='ltr'><strong>ad</strong></span> <span class='ocrx_word' id='word_1_257' title='bbox 388 3975 411 4030; x_wconf 87' lang='grc' dir='ltr'><strong>Ι,</strong></span> <span class='ocrx_word' id='word_1_258' title='bbox 435 3976 483 4031; x_wconf 88' lang='lat'><strong>18,</strong></span> <span class='ocrx_word' id='word_1_259' title='bbox 506 3991 532 4020; x_wconf 87' lang='lat' dir='ltr'><strong>n.</strong></span> <span class='ocrx_word' id='word_1_260' title='bbox 554 3975 583 4033; x_wconf 83' lang='lat'><strong>5,</strong></span> <span class='ocrx_word' id='word_1_261' title='bbox 609 3985 634 4022; x_wconf 79' lang='lat' dir='ltr'><strong>et</strong></span> <span class='ocrx_word' id='word_1_262' title='bbox 679 3975 773 4023; x_wconf 82' lang='lat' dir='ltr'><strong>Institit</strong></span> <span class='ocrx_word' id='word_1_263' title='bbox 786 3975 875 4024; x_wconf 83' lang='lat' dir='ltr'><strong>deinde</strong></span> <span class='ocrx_word' id='word_1_264' title='bbox 889 3988 1017 4040; x_wconf 58' lang='lat' dir='ltr'><strong>reptem</strong></span> <span class='ocrx_word' id='word_1_265' title='bbox 1033 3975 1084 4024; x_wconf 81' lang='lat' dir='ltr'><strong>vid.</strong></span> <span class='ocrx_word' id='word_1_266' title='bbox 1097 3978 1195 4034; x_wconf 88' lang='lat' dir='ltr'><strong>XXIV,</strong></span> 
     </span>
     <span class='ocr_line' id='line_1_33' title="bbox 116 4047 1193 4124; baseline 0.007 -30"><span class='ocrx_word' id='word_1_267' title='bbox 116 4049 223 4106; x_wconf 84' lang='lat' dir='ltr'><strong>XXIX,</strong></span> <span class='ocrx_word' id='word_1_268' title='bbox 237 4047 286 4108; x_wconf 77' lang='lat'><strong>²3,</strong></span> <span class='ocrx_word' id='word_1_269' title='bbox 303 4059 363 4107; x_wconf 64' lang='grc' dir='ltr'><strong>Μ.</strong></span> <span class='ocrx_word' id='word_1_270' title='bbox 380 4079 417 4088; x_wconf 89' lang='lat'><strong>—-</strong></span> <span class='ocrx_word' id='word_1_271' title='bbox 440 4053 526 4101; x_wconf 82' lang='lat' dir='ltr'><strong>Victor</strong></span> <span class='ocrx_word' id='word_1_272' title='bbox 539 4065 632 4118; x_wconf 84' lang='lat' dir='ltr'><strong>captus.</strong></span> <span class='ocrx_word' id='word_1_273' title='bbox 679 4055 803 4115; x_wconf 66' lang='lat' dir='ltr'><strong>26,n·7.</strong></span> <span class='ocrx_word' id='word_1_274' title='bbox 822 4084 856 4092; x_wconf 92' lang='lat'>-</span> <span class='ocrx_word' id='word_1_275' title='bbox 877 4055 1081 4124; x_wconf 80' lang='lat' dir='ltr'><strong>Promissifidem</strong></span> <span class='ocrx_word' id='word_1_276' title='bbox 1091 4068 1193 4119; x_wconf 69' lang='lat' dir='ltr'><strong>praesta·</strong></span> 
     </span>
     <span class='ocr_line' id='line_1_34' title="bbox 115 4127 1195 4197; baseline 0.007 -24"><span class='ocrx_word' id='word_1_277' title='bbox 115 4127 206 4174; x_wconf 70' lang='lat' dir='ltr'><strong>Fadem</strong></span> <span class='ocrx_word' id='word_1_278' title='bbox 228 4128 277 4175; x_wconf 87' lang='lat' dir='ltr'><strong>fere</strong></span> <span class='ocrx_word' id='word_1_279' title='bbox 292 4131 420 4178; x_wconf 76' lang='lat' dir='ltr'><strong>antithesis</strong></span> <span class='ocrx_word' id='word_1_280' title='bbox 435 4133 544 4180; x_wconf 85' lang='lat' dir='ltr'><strong>occurrit</strong></span> <span class='ocrx_word' id='word_1_281' title='bbox 564 4134 629 4197; x_wconf 87' lang='lat' dir='ltr'><strong>apud</strong></span> <span class='ocrx_word' id='word_1_282' title='bbox 678 4146 732 4190; x_wconf 58' lang='grc' dir='ltr'><strong>νοω</strong></span> <span class='ocrx_word' id='word_1_283' title='bbox 745 4134 846 4181; x_wconf 80' lang='lat' dir='ltr'><strong>vidend</strong></span> <span class='ocrx_word' id='word_1_284' title='bbox 859 4137 943 4194; x_wconf 85' lang='lat' dir='ltr'><strong>XXV,</strong></span> <span class='ocrx_word' id='word_1_285' title='bbox 961 4144 1003 4193; x_wconf 76' lang='lat' dir='ltr'><strong>tr,</strong></span> <span class='ocrx_word' id='word_1_286' title='bbox 1016 4153 1042 4182; x_wconf 90' lang='lat' dir='ltr'><strong>u.</strong></span> <span class='ocrx_word' id='word_1_287' title='bbox 1058 4137 1081 4182; x_wconf 84' lang='lat'><strong>3.</strong></span> <span class='ocrx_word' id='word_1_288' title='bbox 1102 4161 1137 4172; x_wconf 85' lang='lat'><strong>·-</strong></span> <span class='ocrx_word' id='word_1_289' title='bbox 1155 4136 1195 4181; x_wconf 82' lang='lat' dir='ltr'><strong>Ab</strong></span> 
     </span>
     <span class='ocr_line' id='line_1_35' title="bbox 116 4207 1194 4281; baseline 0.003 -24"><span class='ocrx_word' id='word_1_290' title='bbox 116 4207 203 4257; x_wconf 77' lang='lat' dir='ltr'><strong>Horat.</strong></span> <span class='ocrx_word' id='word_1_291' title='bbox 214 4208 294 4273; x_wconf 76' lang='lat' dir='ltr'><strong>Epist.</strong></span> <span class='ocrx_word' id='word_1_292' title='bbox 303 4211 341 4270; x_wconf 90' lang='lat' dir='ltr'><strong>ll,</strong></span> <span class='ocrx_word' id='word_1_293' title='bbox 354 4225 375 4271; x_wconf 88' lang='lat' dir='ltr'><strong>r,</strong></span> <span class='ocrx_word' id='word_1_294' title='bbox 390 4227 414 4259; x_wconf 84' lang='lat' dir='ltr'><strong>v.</strong></span> <span class='ocrx_word' id='word_1_295' title='bbox 427 4210 477 4259; x_wconf 80' lang='lat'><strong>156</strong></span> <span class='ocrx_word' id='word_1_296' title='bbox 489 4227 496 4260; x_wconf 91' lang='lat'>:</span> <span class='ocrx_word' id='word_1_297' title='bbox 509 4235 521 4254; x_wconf 75' lang='grc' dir='ltr'><strong>ιι</strong></span> <span class='ocrx_word' id='word_1_298' title='bbox 534 4213 629 4260; x_wconf 84' lang='lat' dir='ltr'><strong>Graecia</strong></span> <span class='ocrx_word' id='word_1_299' title='bbox 675 4229 763 4261; x_wconf 86' lang='lat' dir='ltr'><strong>amore</strong></span> <span class='ocrx_word' id='word_1_300' title='bbox 787 4225 913 4262; x_wconf 80' lang='lat' dir='ltr'><strong>mutuatur</strong></span> <span class='ocrx_word' id='word_1_301' title='bbox 935 4214 1064 4264; x_wconf 76' lang='lat' dir='ltr'><strong>comitium</strong></span> <span class='ocrx_word' id='word_1_302' title='bbox 1076 4249 1084 4272; x_wconf 90' lang='lat'>‚</span> <span class='ocrx_word' id='word_1_303' title='bbox 1105 4231 1194 4281; x_wconf 82' lang='lat' dir='ltr'><strong>nempe</strong></span> 
     </span>
    </p>
   </div>
   <div class='ocr_carea' id='block_1_6' title="bbox 0 0 1448 4994">
    <p class='ocr_par' dir='ltr' id='par_1_6' title="bbox 0 0 1448 4994">
     <span class='ocr_line' id='line_1_36' title="bbox 0 0 1448 4994; baseline 0 0"><span class='ocrx_word' id='word_1_304' title='bbox 0 0 1448 4994; x_wconf 95' lang='lat' dir='ltr'><strong> </strong></span> 
     </span>
    </p>
   </div>
  </div>
 </body>
</html>
