2888 4994
143 413 273 528 ςῑὲςξςζῑ
396 435 549 502 mnus
580 431 835 502 xxxchP.
862 437 907 503 x.
1145 465 1187 536 19

117 559 291 655 signaque
309 555 440 652 raptim
461 553 568 626 ferri²
587 569 673 630 sunt
692 569 828 652 coepta;
844 580 892 628 ne
911 580 1039 646 naves,
1059 561 1098 630 in
1116 575 1187 634 ter-

116 693 193 738 ram
216 683 253 737 et
277 665 504 738 obsidionem
531 689 660 754 versae,
682 689 723 736 ac
747 667 898 738 minime
923 668 1042 740 navali
1061 673 1186 768 praelio

116 792 228 875 aptae,
249 776 556 874 opprimerentur.
579 776 653 866 Qui
676 775 776 846 enim
799 779 1015 850 restitissent
1042 781 1124 879 agili
1150 799 1187 856 et

115 890 261 958 nautico
277 887 521 958 instrumento
538 899 629 983 aptae
647 900 684 956 et
700 901 844 956 armatae
860 886 963 960 classi
978 913 1102 978 naves,
1111 906 1184 964 tor·

115 1001 237 1068 menta
251 996 507 1092 machinasque
517 1009 724 1092 portantes,
745 1010 782 1066 et
794 1009 857 1066 aut
875 997 914 1067 in
933 1001 1184 1072 onerariarum

115 1133 222 1180 usum
243 1132 372 1195 versae,
390 1121 454 1178 aut
475 1108 526 1176 ita
548 1105 707 1203 appulsae
728 1105 774 1176 ad
795 1130 943 1195 muros,
962 1122 1005 1178 ut
1026 1133 1096 1206 pro
1123 1136 1186 1209 ag·

115 1243 198 1315 gere
214 1242 256 1288 ac
276 1214 452 1315 pontibus
470 1213 632 1313 praebere
651 1214 847 1288 adscensus
866 1219 1039 1314 possent?
1057 1225 1186 1318 Itaque

116 1330 256 1427 Scipio,
277 1343 403 1399 contra
421 1350 532 1423 quam
549 1327 588 1396 in
612 1325 731 1396 navali
750 1329 948 1400 certamine
971 1329 1063 1401 solet
1073 1327 1101 1420 ³,
1122 1358 1186 1404 ro·

115 1441 247 1522 stratis,
262 1435 519 1536 quaepraesidio
536 1435 614 1506 aliis
623 1459 701 1506 esse
713 1450 900 1534 poterant,
915 1440 954 1508 in
964 1454 1185 1537 postremam

115 1551 226 1620 aciem
241 1548 395 1644 receptis
412 1570 528 1643 prope
545 1559 693 1633 terram,
712 1548 959 1618 onerariarum
974 1551 1185 1649 quadrupli-

114 1683 190 1730 cem
210 1657 378 1729 ordinem
392 1681 460 1754 pro
484 1679 592 1726 muro
611 1653 784 1728 adversus
805 1656 973 1728 hosteml
988 1663 1182 1758 opposuit;

113 1793 248 1866 easque
266 1769 379 1866 ipsas,
398 1791 445 1838 ne
464 1767 503 1836 in
532 1763 691 1836 tumultu
717 1789 850 1862 pugnae
872 1765 1012 1838 turbari
1038 1771 1185 1844 ordines

113 1893 281 1977 possent,
295 1877 394 1948 malis
409 1874 652 1970 antennisque
661 1872 707 1946 de
720 1900 811 1946 nave
820 1875 859 1946 in
870 1899 1001 1948 navem
1014 1879 1184 1975 trajectis,

112 2015 151 2062 ac
164 1989 294 2060 validis
311 1986 460 2060 funibus
473 1985 574 2056 velut
586 2010 664 2058 uno
682 1985 777 2056 inter
796 2011 834 2058 se
856 1987 1004 2060 vinculo
1022 1989 1182 2088 illigatis,

112 2099 374 2200 comprendit:
401 2097 616 2194 tabulasque
639 2098 935 2194 superinstravit,
954 2114 996 2171 ut
1016 2106 1182 2198 pervium
1205 2182 1206 2191 ,

111 2212 278 2284 ordinem
297 2209 455 2282 faceret:
474 2223 510 2280 et
528 2205 596 2278 sub
614 2207 701 2304 ipsis
720 2206 896 2304 pontibus
917 2210 1106 2282 intervalla
1128 2210 1182 2284 se·

144 2463 172 2496 r.
184 2447 313 2511 Signaque·
326 2443 417 2510 ruptim
425 2441 492 2509 ferri
496 2459 507 2500 ‚·
522 2439 579 2488 ride
593 2439 625 2487 ad
664 2437 880 2496 ,lietuintervrllm
894 2439 1020 2504 colligatae
1030 2442 1127 2503 injecti,
1139 2455 1184 2492 112.

109 2533 161 2590 111,
184 2530 235 2586 54,
258 2545 285 2576 n.
300 2529 324 2578 5.
343 2555 376 2563 -
398 2525 446 2588 Qui
464 2520 624 2590 (quomodo)
669 2517 742 2565 bibus
755 2535 783 2566 ac
795 2518 945 2582 velutporrte
958 2531 1058 2580 stratas,
1072 2521 1118 2570 sul)
1132 2539 1182 2586 quo

110 2610 174 2656 enim
194 2608 336 2656 restitissent
352 2605 414 2671 agili
430 2615 454 2651 er
471 2601 571 2652 nautico
589 2599 624 2647 ln·
667 2597 838 2660 speculatoria
852 2613 999 2662 procurrere
1021 2609 1096 2663 atque
1121 2599 1185 2650 inse·

109 2699 242 2736 strumento
249 2699 315 2752 aptoe
321 2685 395 2733 classi
399 2670 565 2750 (Poenorum),
576 2690 623 2728 etc.
667 2690 731 2726 stare
749 2689 932 2742 oppugnantem
946 2677 1043 2726 hostem
1059 2691 1181 2743 possent:

109 2769 168 2816 vide
186 2767 218 2816 ad
237 2769 314 2826 m,
332 2781 379 2824 rr,
395 2779 421 2813 u.
439 2779 469 2822 a,
488 2773 514 2810 et
527 2761 622 2818 ml,
667 2757 733 2806 unde
744 2768 903 2818 rostratarum
912 2757 938 2804 in
949 2757 1034 2820 praelio
1043 2773 1114 2822 paene
1125 2759 1180 2807 nul-

112 2855 158 2906 14,
170 2863 196 2897 n.
211 2848 251 2894 13.
664 2837 704 2886 lus
718 2853 777 2884 uam
791 2837 851 2893 fuit,
865 2836 912 2884 nisi
926 2835 995 2900 qnod
1009 2848 1110 2886 servatae
1121 2849 1180 2886 sunt

144 2929 170 2976 3.
179 2930 270 2991 Itaque
281 2923 375 2990 Scipio,
390 2933 477 2971 murra
488 2937 564 2986 quam
576 2916 587 2982 (
594 2930 622 2966 ut
666 2927 690 2964 et
704 2916 816 2966 fumaria
829 2914 888 2962 inde
900 2914 1037 2980 longinqua
1050 2917 1180 2965 tormentis

107 3024 163 3072 cap.
187 3023 236 3068 19,
260 3017 285 3054 et
308 3005 437 3052 advorsum
458 3017 534 3066 quam
555 2997 622 3064 apud
665 2995 713 3044 tela
729 2995 814 3054 missu
832 2996 944 3043 Gronov.
960 2994 1032 3044 Conf.
1049 2995 1138 3061 Polyb.
1153 3008 1179 3046 et

107 3088 187 3135 Plaut.
198 3087 267 3136 Trin.
278 3091 302 3144 1,
316 3085 347 3150 r)
361 3085 387 3132 ἐκ
398 3077 622 3130 remunerandae
665 3075 775 3140 Appiam
787 3074 814 3122 ll.
830 3074 869 3134 lt;
886 3071 1023 3136 Schweigh.
1040 3073 1072 3122 ad
1088 3075 1178 3141 Polyb.
1236 3135 1239 3142 Ι

108 3165 161 3214 lieri
172 3167 235 3214 solet
253 3164 296 3231 (in
310 3181 360 3229 quo
378 3173 491 3211 rostram
502 3175 516 3206 a
526 3159 620 3215 fronte,
665 3164 726 3202 tom.
735 3155 768 3219 V,
779 3166 837 3218 pag.
851 3161 900 3213 40,
916 3163 941 3200 et
951 3152 1068 3200 Scheffer.
1080 3153 1110 3202 de
1121 3155 1177 3204 Mil.

108 3245 228 3295 numeriae
237 3261 251 3291 a
259 3253 329 3308 tergo
336 3235 621 3303 oollocmanmrtquum
664 3234 728 3282 Nar.
739 3235 789 3292 111,
800 3231 824 3280 5.

107 3341 189 3388 neque
206 3339 311 3371 numero
324 3324 423 3369 navium
440 3319 471 3368 ad
488 3331 621 3366 conaeren-
700 3321 724 3370 4.
736 3315 784 3359 Pro
798 3327 867 3358 muro
878 3310 992 3358 adversus
1008 3309 1032 3360 Ιι.
1047 3313 1175 3377 opposuit,

107 3405 168 3451 dum
180 3405 208 3450 in
225 3413 311 3466 aperto
323 3401 384 3449 marr
397 3410 574 3460 corrumpar
583 3411 620 3442 es·
664 3392 704 3444 lea
722 3390 779 3444 ἀντὶ
792 3390 886 3458 τείχους
900 3383 916 3456 ᾖ
931 3390 1040 3456 Appiam
1051 3420 1087 3428 —
1100 3394 1177 3442 Malis

105 3493 143 3530 set
159 3482 261 3539 Poenis,
278 3497 357 3543 neque
373 3480 431 3528 satir
444 3477 545 3524 heberet
561 3486 621 3522 tcm-
665 3471 826 3534 antennisque
841 3469 872 3516 cle
886 3486 948 3517 nave
961 3469 986 3517 in
1000 3487 1086 3522 navem
1103 3472 1178 3538 traje-

105 3561 284 3626 peneadem,
303 3575 357 3623 quae
369 3559 487 3616 aderam,
501 3557 622 3604 instruen-
665 3549 727 3608 ctis,
739 3561 786 3598 etc.
802 3549 868 3596 conf.
880 3549 969 3614 Polyb.
981 3550 1052 3607 xlv,
1071 3566 1102 3598 ro
1115 3562 1178 3599 extr.

16 3649 38 3678 Ν
105 3639 149 3688 dus
175 3651 202 3688 ct
225 3639 379 3699 educendas,
404 3647 537 3692 rostratas,
566 3649 622 3698 qun
665 3641 691 3678 et
710 3629 824 3695 Polyaen.
844 3629 916 3676 strat.
935 3631 975 3687 11,
1001 3643 1048 3686 aa,
1063 3645 1089 3679 n.
1106 3645 1178 3678 r.-

100 3719 223 3783 proesr‘dr'o
233 3719 290 3767 alr‘r'r
302 3733 353 3766 csse
360 3728 493 3782 poteram,
503 3731 558 3778 quae
569 3715 621 3779 pri-
667 3707 836 3774 Comprendit,
847 3707 986 3771 copulavit,
997 3709 1134 3770 conjunxit.
1145 3737 1180 3746 -

103 3815 169 3848 mam
179 3798 403 3864 impressionemin
411 3793 620 3853 honestarent,
668 3789 824 3852 Tabulasqne
841 3787 1040 3860 supernarum,
1058 3787 1178 3847 tabulata,

16 3901 17 3930 t
104 3881 124 3926 si
139 3880 235 3938 justum
251 3878 363 3943 praelium
379 3877 525 3926 tentandum
541 3875 620 3932 foret,
664 3867 1179 3935 pontes‚iuquibusst'arentpmpugnato-

105 3975 160 4022 quar
179 3970 263 4023 tegere
283 3957 341 4004 elias
363 3967 388 4003 et
409 3954 621 4020 propugnaculum
641 3960 646 3969 ²
665 3966 704 3997 res
715 3948 812 4012 telaque
822 3949 849 3993 in
860 3947 944 3994 hostes
954 3946 1086 3994 mitterent.
1104 3946 1179 3994 Cous.

103 4040 271 4085 onerariarum
285 4053 336 4084 esse
351 4035 481 4090 deberent,
495 4033 520 4080 ir
529 4045 622 4098 postre-
666 4029 698 4076 ad
709 4029 799 4085 ml,
816 4042 861 4089 19,
873 4043 899 4074 n.
914 4032 938 4080 4.
954 4051 990 4062 -·-
1006 4026 1037 4071 Ut
1049 4022 1175 4082 ordinem,

16 4125 17 4128 ’
104 4113 622 4179 mamaciemmepieoaeran'aesintronn
666 4107 721 4156 scil.
740 4105 925 4169 quadrupIIcem
943 4105 1108 4152 onerariarum
1122 4119 1180 4167 per·

105 4196 252 4254 collocarit,
271 4193 402 4243 commodo
419 4193 485 4240 inm
502 4193 569 4257 ipses
587 4208 623 4238 re-
668 4184 846 4252 viumfacerer‚
859 4185 891 4232 ita
904 4185 968 4232 inter
979 4183 1141 4254 sejungeret,
1156 4191 1183 4260 ur

943 4295 962 4338 2
975 4322 981 4336 .
