2888 4994
271 480 315 552 ss
692 487 904 555 servu
977 557 979 566 ,
1191 459 1308 576 ῧῑὲῑὲῖξῑ
1420 273 1425 512 l

270 606 460 675 incruenta
472 605 622 678 victoria
638 603 727 694 fuit3
742 605 816 678 duo
830 605 940 676 millia
954 619 991 675 et
1008 604 1163 676 trecenti
1174 603 1219 674 de
1238 629 1331 675 exer·

100 777 106 788 ,
206 797 210 808 ¹
271 714 348 784 citu
363 715 541 812 praetoris,
560 739 642 812 pars
661 717 780 788 multo
798 717 953 789 maxima
974 741 1018 787 ex
1038 713 1182 813 legione
1203 713 1341 804 duode-x

272 824 382 912 eima,
398 825 517 896 amissi
535 852 542 894 :
559 825 645 898 inde
665 842 702 898 et
718 825 857 898 tribuni
871 827 1027 896 militum
1042 825 1135 914 duo,
1149 828 1197 894 M.
1210 829 1332 895 Cosso

271 935 354 1006 nius
375 947 411 1006 et
429 939 478 1005 M.
500 938 673 1025 Maenius3
697 940 811 1009 tertiae
833 937 980 1009 decimae
998 959 1149 1034 quoque
1167 935 1333 1032 legionis,

270 1069 351 1140 quae
368 1059 553 1142 postremo
570 1048 694 1144 praelio
715 1046 888 1136 affuerat,
909 1052 976 1119 Cn.
998 1047 1147 1118 Helvius
1170 1043 1334 1116 tribunus
1423 1047 1424 1050 ’

269 1141 426 1228 militum
445 1157 485 1226 in
513 1158 736 1229 restituenda
755 1181 878 1256 pugna
897 1157 1043 1245 cecidit,
1072 1170 1108 1227 et
1130 1153 1205 1226 duo
1226 1168 1263 1224 et
1283 1153 1335 1223 vi-

271 1265 363 1362 ginti
387 1263 500 1337 ferme
523 1268 663 1364 equites
687 1267 881 1356 illustres7,
900 1266 1026 1338 obtriti
1046 1266 1093 1338 ab
1119 1264 1335 1362 elephantis,

271 1399 355 1445 curn
371 1376 652 1449 centurionibus
666 1378 806 1475 aliquot
823 1379 1027 1476 perierunt:
1048 1392 1084 1449 et
1105 1377 1249 1473 longius
1262 1397 1335 1444 eer-

272 1499 396 1557 tamen
405 1484 549 1575 fuisset,
561 1488 600 1557 ni
609 1488 759 1560 vulnere
776 1487 878 1559 ducis
889 1511 1059 1559 concessa
1072 1486 1221 1558 victoria
1237 1495 1335 1555 esset.

320 1601 416 1668 XIX.
455 1602 579 1695 Mago,
603 1600 777 1696 proximae
805 1600 923 1670 noctis
959 1599 1103 1670 silentio
1128 1594 1336 1695 profectus,
1420 1587 1424 1613 ‘

273 1721 451 1803 quantum
467 1709 543 1806 pati
559 1709 625 1780 viae
645 1734 711 1807 per
729 1710 863 1780 vulnus
879 1720 1059 1808 poterat¹,
1073 1707 1266 1779 itineribus
1284 1729 1340 1775 ex·
1421 1748 1424 1758 ι

272 1817 400 1904 tentis,
415 1817 463 1894 ad
476 1843 575 1890 mare
586 1819 625 1888 in
637 1821 787 1917 Ligures
801 1826 984 1916 Ingaunos
995 1820 1172 1917 pervenit.
1188 1817 1246 1889 Ibi
1258 1837 1339 1886 eurn
1421 1910 1424 1923 .

271 1924 379 2024 legati
411 1925 458 1998 ab
479 1929 731 2024 Carthagine2,
745 1931 870 2026 paucis
896 1945 980 2001 ante
1003 1929 1132 2000 diebus
1158 1930 1198 1997 in
1221 1929 1339 1998 sinum

274 2037 453 2142 Gallicum
469 2038 629 2136 appulsis
644 2037 813 2126 navibus,
825 2039 1011 2128 adierunt,
1027 2039 1212 2136 jubentes,
1223 2038 1340 2136 primo
1423 2061 1424 2067 ¹

273 2171 422 2244 quoque
440 2162 606 2245 tempore
620 2149 657 2218 in
668 2147 823 2220 Africam
836 2149 1008 2243 trajicere.
1026 2151 1128 2220 Idem
1143 2165 1179 2219 et
1181 2149 1341 2240 stateem
1418 2150 1424 2239 s

273 2259 350 2352 ejus
367 2257 617 2332 Hannibalem
639 2261 751 2351 (uam
776 2260 830 2330 ad
845 2286 929 2331 eum
950 2284 1096 2358 quoque
1119 2265 1188 2329 isse
1208 2257 1342 2354 legatos
1423 2321 1424 2326 ,

253 2388 256 2393 ·
275 2369 404 2438 eadem
418 2367 616 2463 jubentes)
623 2371 827 2458 fracturum
847 2376 967 2443 Νοη
952 2397 990 2439 ιιι
1010 2365 1077 2440 e0³
1095 2393 1171 2438 esse
1190 2365 1341 2437 Cartha·
1421 2417 1425 2433 .

271 2485 491 2575 gimnzensium
509 2505 583 2567 res,
597 2496 638 2550 ut
647 2470 742 2597 Gall
727 2481 814 2551 liam
832 2497 942 2580 utque
958 2479 1105 2550 Italzam
1123 2482 1235 2548 armis
1251 2477 1342 2547 obti-

276 2605 397 2666 noant.
413 2591 541 2686 Mag0,
556 2615 632 2662 non
650 2565 803 2688 imperio
817 2591 928 2662 rnodo
944 2603 1089 2662 senatus
1106 2587 1344 2687 periculoque

274 2699 398 2794 patriae
422 2712 564 2788 motus,
594 2698 658 2772 sed
681 2717 849 2772 metuens
873 2702 998 2790 etiam,
1020 2725 1068 2770 ne
1089 2701 1207 2770 victor
1231 2697 1344 2768 bostis

274 2810 434 2887 moranti
453 2809 618 2899 instaret,
629 2807 891 2930 Liguresque
883 2813 969 2909 ipsi,
985 2811 1145 2920 relinqui
1162 2809 1306 2880 Italiam
1326 2832 1345 2878 a

275 2920 394 2990 Poenis
413 2935 621 3008 cernentes,
638 2921 684 2991 ad
708 2919 788 3011 eos,
815 2947 973 3019 quorum
992 2926 1077 2991 ru'oir
1101 2922 1153 2990 in
1149 2931 1345 3028 potestate

276 3026 389 3106 futuri
411 3044 546 3116 essent,
571 3029 790 3121 deficerent,
815 3031 922 3102 simul
937 3025 1087 3130 sperans
1104 3021 1318 3104 leniorem
1308 3053 1346 3098 ιιι
1421 3072 1425 3139 3

273 3283 393 3342 -Ιῃᾰο,
408 3301 476 3336 aen
485 3284 595 3350 legione,
609 3296 634 3332 et
642 3283 734 3332 tribuni
742 3285 787 3332 mi·
831 3299 883 3334 uon
899 3288 980 3336 mium
996 3288 1060 3335 iuter
1075 3285 1170 3349 equites
1187 3301 1282 3332 merere
1303 3299 1347 3348 po·

273 3363 355 3422 litum,
369 3375 417 3414 etc.
830 3375 942 3426 tueruut,
955 3361 1027 3429 quarn
1049 3378 1096 3412 seta
1112 3364 1243 3410 uoluntate
1259 3362 1348 3410 utiliter

313 3459 335 3505 7,
353 3445 454 3508 Equites
473 3443 589 3500 illustres,
614 3465 626 3484 α
642 3443 660 3489 ἰ.
675 3458 697 3490 e.
714 3443 786 3502 cleri,
823 3441 894 3509 sacti
913 3455 970 3494 tunt
988 3443 1113 3507 octoginta
1133 3452 1278 3501 senatores,
1300 3453 1347 3488 eto.
1423 3487 1426 3504 Ι

274 3523 370 3574 nobiles
377 3557 384 3583 ,
391 3523 442 3573 sive
453 3539 539 3586 genere
547 3557 555 3582 ,
564 3522 616 3569 sive
625 3521 728 3586 opibus,
736 3523 787 3569 sive
832 3526 919 3584 xxll,
930 3532 974 3586 tp.
984 3524 1051 3570 Alibi
1063 3519 1146 3569 Livius
1158 3521 1227 3568 olros
1240 3521 1346 3569 illustres
1425 3521 1426 3524 ’

275 3602 366 3650 virtute
386 3613 410 3650 et
430 3601 500 3650 factis
522 3600 640 3659 fortibus,
657 3601 710 3647 slve
729 3617 786 3664 qua-
830 3615 904 3651 vocat
916 3619 971 3663 eos,
987 3603 1030 3667 qui
1040 3601 1118 3666 gradu
1126 3613 1155 3648 ac
1166 3601 1290 3663 dIgnitnte
1303 3599 1346 3646 mi-
1425 3625 1427 3660 t

274 3697 378 3745 cumque
390 3681 437 3729 alia
451 3697 493 3740 re,
509 3696 565 3744 quae
578 3696 620 3728 eos
636 3689 724 3745 praeter
734 3695 786 3728 eae·
829 3681 895 3730 litari
901 3693 957 3730 unte
963 3682 1024 3729 ellos
1032 3681 1180 3738 eminebant,
1186 3680 1348 3736 urxxxm,
1425 3709 1427 3724 ι

274 3772 340 3812 turos
352 3761 459 3810 illustres
472 3769 498 3808 et
512 3759 592 3806 claros
603 3755 706 3818 lecerat,
717 3758 788 3806 adeo-
833 3759 1138 3821 363f0ueetxxxJ11‚
1161 3757 1225 3806 25».
1251 3758 1347 3806 Duker.
1426 3789 1427 3800 ι

275 3858 324 3906 que
335 3841 361 3888 h.
370 3841 386 3890 l.
398 3856 475 3903 quum
484 3837 539 3898 alii,
549 3850 600 3886 tum
612 3839 685 3886 etiem
694 3839 721 3898 ii,
731 3838 773 3900 qui
778 3871 785 3895 ,
829 3839 904 3888 Conf.
916 3840 948 3887 ad
961 3841 1019 3888 Tac.
1028 3841 1096 3887 Anu.
1106 3841 1129 3897 1,
1142 3838 1183 3900 73,
1197 3853 1222 3884 n.
1234 3853 1257 3884 1.

275 3937 353 3985 quum
362 3935 451 3983 equum
465 3918 591 3982 publicum
604 3918 722 3966 habereut
730 3951 738 3976 ‚
747 3917 786 3965 vel
866 3920 926 3967 Car.
941 3921 1014 3967 m.
1027 3933 1048 3966 1.
1070 3922 1118 3966 Per
1127 3903 1217 3965 vulnus
1224 3925 1349 3981 poterat,-

273 4000 380 4049 lectioue
390 4013 533 4057 censorum,
546 3998 585 4045 vel
597 3999 651 4058 jure
664 3997 787 4061 magistra-
830 3997 927 4046 vidend
936 4000 969 4058 V,
981 4013 1024 4058 ra,
1036 4015 1061 4046 n.
1071 3998 1096 4046 6.

275 4092 315 4129 tus
326 4080 353 4128 in
364 4089 474 4126 senatum
486 4087 614 4136 venerant3
626 4091 786 4140 quotoquum
866 4093 891 4124 a.
908 4078 995 4144 Legati
1009 4077 1042 4125 ab
1059 4075 1219 4141 Cartbagine,
1239 4087 1269 4123 ut
1291 4091 1347 4138 cap.

274 4157 344 4223 publ.
354 4157 459 4206 retinere
467 4157 590 4221 potuisse,
598 4155 727 4222 probabile
734 4171 786 4203 esse
831 4167 893 4204 extr.
903 4157 975 4205 Couf.
985 4156 1017 4203 ad
1026 4160 1052 4206 x
1061 4191 1068 4215 ,
1084 4163 1129 4214 14,
1140 4171 1166 4204 n.
1175 4169 1200 4204 a.

275 4237 327 4286 dixi
342 4237 373 4286 ad
391 4239 495 4297 XXIII,
515 4239 567 4298 37,
587 4254 612 4286 ιι.
625 4239 649 4286 6.
670 4236 704 4284 Ili
720 4237 785 4284 enlm
868 4238 891 4284 3.
903 4236 959 4283 Non
969 4235 994 4284 in
1008 4251 1049 4292 eo,
1065 4235 1118 4283 scil.
1131 4235 1202 4292 loco,
1216 4243 1284 4282 statu
1297 4246 1348 4279 esse
